%YAML 1.1
%TAG !u! tag:unity3d.com,2011:
--- !u!29 &1
SceneSettings:
  m_ObjectHideFlags: 0
  m_PVSData: 
  m_PVSObjectsArray: []
  m_PVSPortalsArray: []
  m_OcclusionBakeSettings:
    smallestOccluder: 5
    smallestHole: 0.25
    backfaceThreshold: 100
--- !u!104 &2
RenderSettings:
  m_ObjectHideFlags: 0
  serializedVersion: 7
  m_Fog: 0
  m_FogColor: {r: 0.5, g: 0.5, b: 0.5, a: 1}
  m_FogMode: 3
  m_FogDensity: 0.01
  m_LinearFogStart: 0
  m_LinearFogEnd: 300
  m_AmbientSkyColor: {r: 0.212, g: 0.227, b: 0.259, a: 1}
  m_AmbientEquatorColor: {r: 0.114, g: 0.125, b: 0.133, a: 1}
  m_AmbientGroundColor: {r: 0.047, g: 0.043, b: 0.035, a: 1}
  m_AmbientIntensity: 1
  m_AmbientMode: 0
  m_SkyboxMaterial: {fileID: 10304, guid: 0000000000000000f000000000000000, type: 0}
  m_HaloStrength: 0.5
  m_FlareStrength: 1
  m_FlareFadeSpeed: 3
  m_HaloTexture: {fileID: 0}
  m_SpotCookie: {fileID: 10001, guid: 0000000000000000e000000000000000, type: 0}
  m_DefaultReflectionMode: 0
  m_DefaultReflectionResolution: 128
  m_ReflectionBounces: 1
  m_ReflectionIntensity: 1
  m_CustomReflection: {fileID: 0}
  m_Sun: {fileID: 0}
  m_IndirectSpecularColor: {r: 0.44692534, g: 0.49678725, b: 0.5750856, a: 1}
--- !u!157 &3
LightmapSettings:
  m_ObjectHideFlags: 0
  serializedVersion: 7
  m_GIWorkflowMode: 0
  m_GISettings:
    serializedVersion: 2
    m_BounceScale: 1
    m_IndirectOutputScale: 1
    m_AlbedoBoost: 1
    m_TemporalCoherenceThreshold: 1
    m_EnvironmentLightingMode: 0
    m_EnableBakedLightmaps: 1
    m_EnableRealtimeLightmaps: 1
  m_LightmapEditorSettings:
    serializedVersion: 4
    m_Resolution: 2
    m_BakeResolution: 40
    m_TextureWidth: 1024
    m_TextureHeight: 1024
    m_AO: 0
    m_AOMaxDistance: 1
    m_CompAOExponent: 1
    m_CompAOExponentDirect: 0
    m_Padding: 2
    m_LightmapParameters: {fileID: 0}
    m_LightmapsBakeMode: 1
    m_TextureCompression: 1
    m_DirectLightInLightProbes: 1
    m_FinalGather: 0
    m_FinalGatherFiltering: 1
    m_FinalGatherRayCount: 256
    m_ReflectionCompression: 2
  m_LightingDataAsset: {fileID: 0}
  m_RuntimeCPUUsage: 25
--- !u!196 &4
NavMeshSettings:
  serializedVersion: 2
  m_ObjectHideFlags: 0
  m_BuildSettings:
    serializedVersion: 2
    agentRadius: 0.5
    agentHeight: 2
    agentSlope: 45
    agentClimb: 0.4
    ledgeDropHeight: 0
    maxJumpAcrossDistance: 0
    accuratePlacement: 0
    minRegionArea: 2
    cellSize: 0.16666667
    manualCellSize: 0
  m_NavMeshData: {fileID: 0}
--- !u!1 &203304882
GameObject:
  m_ObjectHideFlags: 0
  m_PrefabParentObject: {fileID: 0}
  m_PrefabInternal: {fileID: 0}
  serializedVersion: 4
  m_Component:
  - 4: {fileID: 203304884}
  - 114: {fileID: 203304883}
  m_Layer: 12
  m_Name: HopperSpawn
  m_TagString: Untagged
  m_Icon: {fileID: 0}
  m_NavMeshLayer: 0
  m_StaticEditorFlags: 0
  m_IsActive: 1
--- !u!114 &203304883
MonoBehaviour:
  m_ObjectHideFlags: 0
  m_PrefabParentObject: {fileID: 0}
  m_PrefabInternal: {fileID: 0}
  m_GameObject: {fileID: 203304882}
  m_Enabled: 1
  m_EditorHideFlags: 0
  m_Script: {fileID: 11500000, guid: cb51921ac43c95541b718e156b566a88, type: 3}
  m_Name: 
  m_EditorClassIdentifier: 
  enemy: {fileID: 1000010802933332, guid: cbc53346366c7444da29f5fc64696c89, type: 2}
  numEnemies: 5
  spawnRate: 8
--- !u!4 &203304884
Transform:
  m_ObjectHideFlags: 0
  m_PrefabParentObject: {fileID: 0}
  m_PrefabInternal: {fileID: 0}
  m_GameObject: {fileID: 203304882}
  m_LocalRotation: {x: -0, y: -0, z: -0, w: 1}
  m_LocalPosition: {x: -20, y: 3, z: 0}
  m_LocalScale: {x: 1, y: 1, z: 1}
  m_LocalEulerAnglesHint: {x: 0, y: 0, z: 0}
  m_Children: []
  m_Father: {fileID: 0}
  m_RootOrder: 8
--- !u!1001 &219043511
Prefab:
  m_ObjectHideFlags: 0
  serializedVersion: 2
  m_Modification:
    m_TransformParent: {fileID: 0}
    m_Modifications:
    - target: {fileID: 4000013181755252, guid: e5a14b9676fe2044794497dfebb7e8d4, type: 2}
      propertyPath: m_LocalPosition.x
      value: -10
      objectReference: {fileID: 0}
    - target: {fileID: 4000013181755252, guid: e5a14b9676fe2044794497dfebb7e8d4, type: 2}
      propertyPath: m_LocalPosition.y
      value: 5
      objectReference: {fileID: 0}
    - target: {fileID: 4000013181755252, guid: e5a14b9676fe2044794497dfebb7e8d4, type: 2}
      propertyPath: m_LocalPosition.z
      value: 0
      objectReference: {fileID: 0}
    - target: {fileID: 4000013181755252, guid: e5a14b9676fe2044794497dfebb7e8d4, type: 2}
      propertyPath: m_LocalRotation.x
      value: 0
      objectReference: {fileID: 0}
    - target: {fileID: 4000013181755252, guid: e5a14b9676fe2044794497dfebb7e8d4, type: 2}
      propertyPath: m_LocalRotation.y
      value: 0
      objectReference: {fileID: 0}
    - target: {fileID: 4000013181755252, guid: e5a14b9676fe2044794497dfebb7e8d4, type: 2}
      propertyPath: m_LocalRotation.z
      value: 0
      objectReference: {fileID: 0}
    - target: {fileID: 4000013181755252, guid: e5a14b9676fe2044794497dfebb7e8d4, type: 2}
      propertyPath: m_LocalRotation.w
      value: 1
      objectReference: {fileID: 0}
    - target: {fileID: 4000013181755252, guid: e5a14b9676fe2044794497dfebb7e8d4, type: 2}
      propertyPath: m_RootOrder
      value: 15
      objectReference: {fileID: 0}
    - target: {fileID: 1000012802427568, guid: e5a14b9676fe2044794497dfebb7e8d4, type: 2}
      propertyPath: m_Name
      value: Platform_2 (5)
      objectReference: {fileID: 0}
    - target: {fileID: 4000013181755252, guid: e5a14b9676fe2044794497dfebb7e8d4, type: 2}
      propertyPath: m_LocalScale.x
      value: 5
      objectReference: {fileID: 0}
    m_RemovedComponents: []
  m_ParentPrefab: {fileID: 100100000, guid: e5a14b9676fe2044794497dfebb7e8d4, type: 2}
  m_IsPrefabParent: 0
--- !u!1001 &341071948
Prefab:
  m_ObjectHideFlags: 0
  serializedVersion: 2
  m_Modification:
    m_TransformParent: {fileID: 0}
    m_Modifications:
    - target: {fileID: 4000013181755252, guid: e5a14b9676fe2044794497dfebb7e8d4, type: 2}
      propertyPath: m_LocalPosition.x
      value: -25
      objectReference: {fileID: 0}
    - target: {fileID: 4000013181755252, guid: e5a14b9676fe2044794497dfebb7e8d4, type: 2}
      propertyPath: m_LocalPosition.y
      value: 25
      objectReference: {fileID: 0}
    - target: {fileID: 4000013181755252, guid: e5a14b9676fe2044794497dfebb7e8d4, type: 2}
      propertyPath: m_LocalPosition.z
      value: 0
      objectReference: {fileID: 0}
    - target: {fileID: 4000013181755252, guid: e5a14b9676fe2044794497dfebb7e8d4, type: 2}
      propertyPath: m_LocalRotation.x
      value: 0
      objectReference: {fileID: 0}
    - target: {fileID: 4000013181755252, guid: e5a14b9676fe2044794497dfebb7e8d4, type: 2}
      propertyPath: m_LocalRotation.y
      value: 0
      objectReference: {fileID: 0}
    - target: {fileID: 4000013181755252, guid: e5a14b9676fe2044794497dfebb7e8d4, type: 2}
      propertyPath: m_LocalRotation.z
      value: 0.7071068
      objectReference: {fileID: 0}
    - target: {fileID: 4000013181755252, guid: e5a14b9676fe2044794497dfebb7e8d4, type: 2}
      propertyPath: m_LocalRotation.w
      value: 0.7071068
      objectReference: {fileID: 0}
    - target: {fileID: 4000013181755252, guid: e5a14b9676fe2044794497dfebb7e8d4, type: 2}
      propertyPath: m_RootOrder
      value: 13
      objectReference: {fileID: 0}
    - target: {fileID: 4000013181755252, guid: e5a14b9676fe2044794497dfebb7e8d4, type: 2}
      propertyPath: m_LocalScale.x
      value: 50
      objectReference: {fileID: 0}
    - target: {fileID: 1000012802427568, guid: e5a14b9676fe2044794497dfebb7e8d4, type: 2}
      propertyPath: m_Name
      value: Platform_2 (2)
      objectReference: {fileID: 0}
    - target: {fileID: 4000013181755252, guid: e5a14b9676fe2044794497dfebb7e8d4, type: 2}
      propertyPath: m_LocalEulerAnglesHint.z
      value: 90
      objectReference: {fileID: 0}
    m_RemovedComponents: []
  m_ParentPrefab: {fileID: 100100000, guid: e5a14b9676fe2044794497dfebb7e8d4, type: 2}
  m_IsPrefabParent: 0
--- !u!1001 &455589953
Prefab:
  m_ObjectHideFlags: 0
  serializedVersion: 2
  m_Modification:
    m_TransformParent: {fileID: 1194438995}
    m_Modifications:
    - target: {fileID: 4000014088236778, guid: ea2462592c7a51041bd6f16a2ecd25bf, type: 2}
      propertyPath: m_LocalPosition.x
      value: -14.06
      objectReference: {fileID: 0}
    - target: {fileID: 4000014088236778, guid: ea2462592c7a51041bd6f16a2ecd25bf, type: 2}
      propertyPath: m_LocalPosition.y
      value: 11.13
      objectReference: {fileID: 0}
    - target: {fileID: 4000014088236778, guid: ea2462592c7a51041bd6f16a2ecd25bf, type: 2}
      propertyPath: m_LocalPosition.z
      value: 1
      objectReference: {fileID: 0}
    - target: {fileID: 4000014088236778, guid: ea2462592c7a51041bd6f16a2ecd25bf, type: 2}
      propertyPath: m_LocalRotation.x
      value: 0
      objectReference: {fileID: 0}
    - target: {fileID: 4000014088236778, guid: ea2462592c7a51041bd6f16a2ecd25bf, type: 2}
      propertyPath: m_LocalRotation.y
      value: 0
      objectReference: {fileID: 0}
    - target: {fileID: 4000014088236778, guid: ea2462592c7a51041bd6f16a2ecd25bf, type: 2}
      propertyPath: m_LocalRotation.z
      value: 0
      objectReference: {fileID: 0}
    - target: {fileID: 4000014088236778, guid: ea2462592c7a51041bd6f16a2ecd25bf, type: 2}
      propertyPath: m_LocalRotation.w
      value: 1
      objectReference: {fileID: 0}
    - target: {fileID: 4000014088236778, guid: ea2462592c7a51041bd6f16a2ecd25bf, type: 2}
      propertyPath: m_RootOrder
      value: 1
      objectReference: {fileID: 0}
    m_RemovedComponents: []
  m_ParentPrefab: {fileID: 100100000, guid: ea2462592c7a51041bd6f16a2ecd25bf, type: 2}
  m_IsPrefabParent: 0
--- !u!4 &455589954 stripped
Transform:
  m_PrefabParentObject: {fileID: 4000014088236778, guid: ea2462592c7a51041bd6f16a2ecd25bf,
    type: 2}
  m_PrefabInternal: {fileID: 455589953}
--- !u!1 &537964558
GameObject:
  m_ObjectHideFlags: 0
  m_PrefabParentObject: {fileID: 0}
  m_PrefabInternal: {fileID: 0}
  serializedVersion: 4
  m_Component:
  - 4: {fileID: 537964560}
  - 114: {fileID: 537964559}
  m_Layer: 0
  m_Name: EnemyController
  m_TagString: Untagged
  m_Icon: {fileID: 0}
  m_NavMeshLayer: 0
  m_StaticEditorFlags: 0
  m_IsActive: 1
--- !u!114 &537964559
MonoBehaviour:
  m_ObjectHideFlags: 0
  m_PrefabParentObject: {fileID: 0}
  m_PrefabInternal: {fileID: 0}
  m_GameObject: {fileID: 537964558}
  m_Enabled: 1
  m_EditorHideFlags: 0
  m_Script: {fileID: 11500000, guid: fc55fe17a67a06743aa2639c79fee03e, type: 3}
  m_Name: 
  m_EditorClassIdentifier: 
  spawners:
  - {fileID: 2035883397}
  - {fileID: 203304883}
  nextScene: _Scene_50
--- !u!4 &537964560
Transform:
  m_ObjectHideFlags: 0
  m_PrefabParentObject: {fileID: 0}
  m_PrefabInternal: {fileID: 0}
  m_GameObject: {fileID: 537964558}
  m_LocalRotation: {x: 0, y: 0, z: 0, w: 1}
  m_LocalPosition: {x: 1.6, y: 1.8, z: 0}
  m_LocalScale: {x: 1, y: 1, z: 1}
  m_LocalEulerAnglesHint: {x: 0, y: 0, z: 0}
  m_Children: []
  m_Father: {fileID: 0}
  m_RootOrder: 9
--- !u!1001 &698660187
Prefab:
  m_ObjectHideFlags: 0
  serializedVersion: 2
  m_Modification:
    m_TransformParent: {fileID: 0}
    m_Modifications:
    - target: {fileID: 4000013181755252, guid: e5a14b9676fe2044794497dfebb7e8d4, type: 2}
      propertyPath: m_LocalPosition.x
      value: 10
      objectReference: {fileID: 0}
    - target: {fileID: 4000013181755252, guid: e5a14b9676fe2044794497dfebb7e8d4, type: 2}
      propertyPath: m_LocalPosition.y
      value: 5
      objectReference: {fileID: 0}
    - target: {fileID: 4000013181755252, guid: e5a14b9676fe2044794497dfebb7e8d4, type: 2}
      propertyPath: m_LocalPosition.z
      value: 0
      objectReference: {fileID: 0}
    - target: {fileID: 4000013181755252, guid: e5a14b9676fe2044794497dfebb7e8d4, type: 2}
      propertyPath: m_LocalRotation.x
      value: 0
      objectReference: {fileID: 0}
    - target: {fileID: 4000013181755252, guid: e5a14b9676fe2044794497dfebb7e8d4, type: 2}
      propertyPath: m_LocalRotation.y
      value: 0
      objectReference: {fileID: 0}
    - target: {fileID: 4000013181755252, guid: e5a14b9676fe2044794497dfebb7e8d4, type: 2}
      propertyPath: m_LocalRotation.z
      value: 0
      objectReference: {fileID: 0}
    - target: {fileID: 4000013181755252, guid: e5a14b9676fe2044794497dfebb7e8d4, type: 2}
      propertyPath: m_LocalRotation.w
      value: 1
      objectReference: {fileID: 0}
    - target: {fileID: 4000013181755252, guid: e5a14b9676fe2044794497dfebb7e8d4, type: 2}
      propertyPath: m_RootOrder
      value: 14
      objectReference: {fileID: 0}
    - target: {fileID: 1000012802427568, guid: e5a14b9676fe2044794497dfebb7e8d4, type: 2}
      propertyPath: m_Name
      value: Platform_2 (4)
      objectReference: {fileID: 0}
    - target: {fileID: 4000013181755252, guid: e5a14b9676fe2044794497dfebb7e8d4, type: 2}
      propertyPath: m_LocalScale.x
      value: 5
      objectReference: {fileID: 0}
    m_RemovedComponents: []
  m_ParentPrefab: {fileID: 100100000, guid: e5a14b9676fe2044794497dfebb7e8d4, type: 2}
  m_IsPrefabParent: 0
--- !u!1001 &737728763
Prefab:
  m_ObjectHideFlags: 0
  serializedVersion: 2
  m_Modification:
    m_TransformParent: {fileID: 0}
    m_Modifications:
    - target: {fileID: 4000012895034076, guid: 1a7bbefc13559fe4e9a74f128a93021c, type: 2}
      propertyPath: m_LocalPosition.x
      value: 0
      objectReference: {fileID: 0}
    - target: {fileID: 4000012895034076, guid: 1a7bbefc13559fe4e9a74f128a93021c, type: 2}
      propertyPath: m_LocalPosition.y
      value: 1
      objectReference: {fileID: 0}
    - target: {fileID: 4000012895034076, guid: 1a7bbefc13559fe4e9a74f128a93021c, type: 2}
      propertyPath: m_LocalPosition.z
      value: 0
      objectReference: {fileID: 0}
    - target: {fileID: 4000012895034076, guid: 1a7bbefc13559fe4e9a74f128a93021c, type: 2}
      propertyPath: m_LocalRotation.x
      value: 0
      objectReference: {fileID: 0}
    - target: {fileID: 4000012895034076, guid: 1a7bbefc13559fe4e9a74f128a93021c, type: 2}
      propertyPath: m_LocalRotation.y
      value: 0
      objectReference: {fileID: 0}
    - target: {fileID: 4000012895034076, guid: 1a7bbefc13559fe4e9a74f128a93021c, type: 2}
      propertyPath: m_LocalRotation.z
      value: 0
      objectReference: {fileID: 0}
    - target: {fileID: 4000012895034076, guid: 1a7bbefc13559fe4e9a74f128a93021c, type: 2}
      propertyPath: m_LocalRotation.w
      value: 1
      objectReference: {fileID: 0}
    - target: {fileID: 4000012895034076, guid: 1a7bbefc13559fe4e9a74f128a93021c, type: 2}
      propertyPath: m_RootOrder
      value: 4
      objectReference: {fileID: 0}
    m_RemovedComponents: []
  m_ParentPrefab: {fileID: 100100000, guid: 1a7bbefc13559fe4e9a74f128a93021c, type: 2}
  m_IsPrefabParent: 0
--- !u!1 &823690023
GameObject:
  m_ObjectHideFlags: 0
  m_PrefabParentObject: {fileID: 0}
  m_PrefabInternal: {fileID: 0}
  serializedVersion: 4
  m_Component:
  - 4: {fileID: 823690024}
  - 132: {fileID: 823690025}
  m_Layer: 0
  m_Name: Text
  m_TagString: Untagged
  m_Icon: {fileID: 0}
  m_NavMeshLayer: 0
  m_StaticEditorFlags: 0
  m_IsActive: 1
--- !u!4 &823690024
Transform:
  m_ObjectHideFlags: 0
  m_PrefabParentObject: {fileID: 0}
  m_PrefabInternal: {fileID: 0}
  m_GameObject: {fileID: 823690023}
  m_LocalRotation: {x: -0, y: -0, z: -0, w: 1}
  m_LocalPosition: {x: 0.5, y: 1, z: -10}
  m_LocalScale: {x: 1, y: 1, z: 1}
  m_LocalEulerAnglesHint: {x: 0, y: 0, z: 0}
  m_Children: []
  m_Father: {fileID: 0}
  m_RootOrder: 10
--- !u!132 &823690025
GUIText:
  m_ObjectHideFlags: 0
  m_PrefabParentObject: {fileID: 0}
  m_PrefabInternal: {fileID: 0}
  m_GameObject: {fileID: 823690023}
  m_Enabled: 1
  serializedVersion: 3
  m_Text: Survive...
  m_Anchor: 1
  m_Alignment: 1
  m_PixelOffset: {x: 0, y: 0}
  m_LineSpacing: 1
  m_TabSize: 4
  m_Font: {fileID: 12800000, guid: 0410ad49c91d744308a3357425d86f3a, type: 3}
  m_Material: {fileID: 0}
  m_FontSize: 20
  m_FontStyle: 3
  m_Color:
    serializedVersion: 2
    rgba: 4278190080
  m_PixelCorrect: 1
  m_RichText: 1
--- !u!1001 &953243909
Prefab:
  m_ObjectHideFlags: 0
  serializedVersion: 2
  m_Modification:
    m_TransformParent: {fileID: 0}
    m_Modifications:
    - target: {fileID: 4000012837670426, guid: 2f414f50b1f8ce946a4e12c0a149351a, type: 2}
      propertyPath: m_LocalPosition.x
      value: 10
      objectReference: {fileID: 0}
    - target: {fileID: 4000012837670426, guid: 2f414f50b1f8ce946a4e12c0a149351a, type: 2}
      propertyPath: m_LocalPosition.y
      value: 7
      objectReference: {fileID: 0}
    - target: {fileID: 4000012837670426, guid: 2f414f50b1f8ce946a4e12c0a149351a, type: 2}
      propertyPath: m_LocalPosition.z
      value: 0
      objectReference: {fileID: 0}
    - target: {fileID: 4000012837670426, guid: 2f414f50b1f8ce946a4e12c0a149351a, type: 2}
      propertyPath: m_LocalRotation.x
      value: 0
      objectReference: {fileID: 0}
    - target: {fileID: 4000012837670426, guid: 2f414f50b1f8ce946a4e12c0a149351a, type: 2}
      propertyPath: m_LocalRotation.y
      value: 0
      objectReference: {fileID: 0}
    - target: {fileID: 4000012837670426, guid: 2f414f50b1f8ce946a4e12c0a149351a, type: 2}
      propertyPath: m_LocalRotation.z
      value: 0
      objectReference: {fileID: 0}
    - target: {fileID: 4000012837670426, guid: 2f414f50b1f8ce946a4e12c0a149351a, type: 2}
      propertyPath: m_LocalRotation.w
      value: 1
      objectReference: {fileID: 0}
    - target: {fileID: 4000012837670426, guid: 2f414f50b1f8ce946a4e12c0a149351a, type: 2}
      propertyPath: m_RootOrder
      value: 5
      objectReference: {fileID: 0}
    m_RemovedComponents: []
  m_ParentPrefab: {fileID: 100100000, guid: 2f414f50b1f8ce946a4e12c0a149351a, type: 2}
  m_IsPrefabParent: 0
--- !u!1 &1047090603
GameObject:
  m_ObjectHideFlags: 0
  m_PrefabParentObject: {fileID: 0}
  m_PrefabInternal: {fileID: 0}
  serializedVersion: 4
  m_Component:
  - 4: {fileID: 1047090605}
  - 108: {fileID: 1047090604}
  m_Layer: 0
  m_Name: Directional Light
  m_TagString: Untagged
  m_Icon: {fileID: 0}
  m_NavMeshLayer: 0
  m_StaticEditorFlags: 0
  m_IsActive: 1
--- !u!108 &1047090604
Light:
  m_ObjectHideFlags: 0
  m_PrefabParentObject: {fileID: 0}
  m_PrefabInternal: {fileID: 0}
  m_GameObject: {fileID: 1047090603}
  m_Enabled: 1
  serializedVersion: 7
  m_Type: 1
  m_Color: {r: 1, g: 0.95686275, b: 0.8392157, a: 1}
  m_Intensity: 1
  m_Range: 10
  m_SpotAngle: 30
  m_CookieSize: 10
  m_Shadows:
    m_Type: 2
    m_Resolution: -1
    m_CustomResolution: -1
    m_Strength: 1
    m_Bias: 0.05
    m_NormalBias: 0.4
    m_NearPlane: 0.2
  m_Cookie: {fileID: 0}
  m_DrawHalo: 0
  m_Flare: {fileID: 0}
  m_RenderMode: 0
  m_CullingMask:
    serializedVersion: 2
    m_Bits: 4294967295
  m_Lightmapping: 4
  m_AreaSize: {x: 1, y: 1}
  m_BounceIntensity: 1
  m_ShadowRadius: 0
  m_ShadowAngle: 0
--- !u!4 &1047090605
Transform:
  m_ObjectHideFlags: 0
  m_PrefabParentObject: {fileID: 0}
  m_PrefabInternal: {fileID: 0}
  m_GameObject: {fileID: 1047090603}
  m_LocalRotation: {x: 0.40821788, y: -0.23456968, z: 0.10938163, w: 0.8754261}
  m_LocalPosition: {x: 0, y: 3, z: 0}
  m_LocalScale: {x: 1, y: 1, z: 1}
  m_LocalEulerAnglesHint: {x: 50, y: -30, z: 0}
  m_Children: []
  m_Father: {fileID: 0}
  m_RootOrder: 1
--- !u!1 &1194438989
GameObject:
  m_ObjectHideFlags: 0
  m_PrefabParentObject: {fileID: 0}
  m_PrefabInternal: {fileID: 0}
  serializedVersion: 4
  m_Component:
  - 4: {fileID: 1194438995}
  - 20: {fileID: 1194438994}
  - 92: {fileID: 1194438993}
  - 124: {fileID: 1194438992}
  - 81: {fileID: 1194438991}
  - 114: {fileID: 1194438990}
  m_Layer: 0
  m_Name: Main Camera
  m_TagString: MainCamera
  m_Icon: {fileID: 0}
  m_NavMeshLayer: 0
  m_StaticEditorFlags: 0
  m_IsActive: 1
--- !u!114 &1194438990
MonoBehaviour:
  m_ObjectHideFlags: 0
  m_PrefabParentObject: {fileID: 0}
  m_PrefabInternal: {fileID: 0}
  m_GameObject: {fileID: 1194438989}
  m_Enabled: 1
  m_EditorHideFlags: 0
  m_Script: {fileID: 11500000, guid: ae49b667b14e9de42bf1638103759f9a, type: 3}
  m_Name: 
  m_EditorClassIdentifier: 
  isJittering: 0
  jitterCounter: 0
  jitterDuration: 0
  jitterIntensity: 0
--- !u!81 &1194438991
AudioListener:
  m_ObjectHideFlags: 0
  m_PrefabParentObject: {fileID: 0}
  m_PrefabInternal: {fileID: 0}
  m_GameObject: {fileID: 1194438989}
  m_Enabled: 1
--- !u!124 &1194438992
Behaviour:
  m_ObjectHideFlags: 0
  m_PrefabParentObject: {fileID: 0}
  m_PrefabInternal: {fileID: 0}
  m_GameObject: {fileID: 1194438989}
  m_Enabled: 1
--- !u!92 &1194438993
Behaviour:
  m_ObjectHideFlags: 0
  m_PrefabParentObject: {fileID: 0}
  m_PrefabInternal: {fileID: 0}
  m_GameObject: {fileID: 1194438989}
  m_Enabled: 1
--- !u!20 &1194438994
Camera:
  m_ObjectHideFlags: 0
  m_PrefabParentObject: {fileID: 0}
  m_PrefabInternal: {fileID: 0}
  m_GameObject: {fileID: 1194438989}
  m_Enabled: 1
  serializedVersion: 2
  m_ClearFlags: 2
  m_BackGroundColor: {r: 0, g: 0, b: 0, a: 0}
  m_NormalizedViewPortRect:
    serializedVersion: 2
    x: 0
    y: 0
    width: 1
    height: 1
  near clip plane: 0.3
  far clip plane: 1000
  field of view: 60
  orthographic: 1
  orthographic size: 5
  m_Depth: -1
  m_CullingMask:
    serializedVersion: 2
    m_Bits: 4294967295
  m_RenderingPath: -1
  m_TargetTexture: {fileID: 0}
  m_TargetDisplay: 0
  m_TargetEye: 3
  m_HDR: 0
  m_OcclusionCulling: 1
  m_StereoConvergence: 10
  m_StereoSeparation: 0.022
  m_StereoMirrorMode: 0
--- !u!4 &1194438995
Transform:
  m_ObjectHideFlags: 0
  m_PrefabParentObject: {fileID: 0}
  m_PrefabInternal: {fileID: 0}
  m_GameObject: {fileID: 1194438989}
  m_LocalRotation: {x: 0, y: 0, z: 0, w: 1}
  m_LocalPosition: {x: 0, y: 1, z: -10}
  m_LocalScale: {x: 1, y: 1, z: 1}
  m_LocalEulerAnglesHint: {x: 0, y: 0, z: 0}
  m_Children:
  - {fileID: 1668120559}
  - {fileID: 455589954}
  m_Father: {fileID: 0}
  m_RootOrder: 0
--- !u!1001 &1291437840
Prefab:
  m_ObjectHideFlags: 0
  serializedVersion: 2
  m_Modification:
    m_TransformParent: {fileID: 0}
    m_Modifications:
    - target: {fileID: 4000011372505768, guid: 0497bb201c8d1ce46aa46f23ba1a5827, type: 2}
      propertyPath: m_LocalPosition.x
      value: 0
      objectReference: {fileID: 0}
    - target: {fileID: 4000011372505768, guid: 0497bb201c8d1ce46aa46f23ba1a5827, type: 2}
      propertyPath: m_LocalPosition.y
      value: 2.5
      objectReference: {fileID: 0}
    - target: {fileID: 4000011372505768, guid: 0497bb201c8d1ce46aa46f23ba1a5827, type: 2}
      propertyPath: m_LocalPosition.z
      value: 0
      objectReference: {fileID: 0}
    - target: {fileID: 4000011372505768, guid: 0497bb201c8d1ce46aa46f23ba1a5827, type: 2}
      propertyPath: m_LocalRotation.x
      value: -0
      objectReference: {fileID: 0}
    - target: {fileID: 4000011372505768, guid: 0497bb201c8d1ce46aa46f23ba1a5827, type: 2}
      propertyPath: m_LocalRotation.y
      value: -0
      objectReference: {fileID: 0}
    - target: {fileID: 4000011372505768, guid: 0497bb201c8d1ce46aa46f23ba1a5827, type: 2}
      propertyPath: m_LocalRotation.z
      value: -0
      objectReference: {fileID: 0}
    - target: {fileID: 4000011372505768, guid: 0497bb201c8d1ce46aa46f23ba1a5827, type: 2}
      propertyPath: m_LocalRotation.w
      value: 1
      objectReference: {fileID: 0}
    - target: {fileID: 4000011372505768, guid: 0497bb201c8d1ce46aa46f23ba1a5827, type: 2}
      propertyPath: m_RootOrder
      value: 3
      objectReference: {fileID: 0}
    m_RemovedComponents: []
  m_ParentPrefab: {fileID: 100100000, guid: 0497bb201c8d1ce46aa46f23ba1a5827, type: 2}
  m_IsPrefabParent: 0
--- !u!4 &1668120559 stripped
Transform:
  m_PrefabParentObject: {fileID: 4000011552057232, guid: 113b6b33abeb1a2429c522559c47a6f8,
    type: 2}
  m_PrefabInternal: {fileID: 2030550636}
--- !u!1001 &1668784034
Prefab:
  m_ObjectHideFlags: 0
  serializedVersion: 2
  m_Modification:
    m_TransformParent: {fileID: 0}
    m_Modifications:
    - target: {fileID: 4000012837670426, guid: 2f414f50b1f8ce946a4e12c0a149351a, type: 2}
      propertyPath: m_LocalPosition.x
      value: -10
      objectReference: {fileID: 0}
    - target: {fileID: 4000012837670426, guid: 2f414f50b1f8ce946a4e12c0a149351a, type: 2}
      propertyPath: m_LocalPosition.y
      value: 7
      objectReference: {fileID: 0}
    - target: {fileID: 4000012837670426, guid: 2f414f50b1f8ce946a4e12c0a149351a, type: 2}
      propertyPath: m_LocalPosition.z
      value: 0
      objectReference: {fileID: 0}
    - target: {fileID: 4000012837670426, guid: 2f414f50b1f8ce946a4e12c0a149351a, type: 2}
      propertyPath: m_LocalRotation.x
      value: 0
      objectReference: {fileID: 0}
    - target: {fileID: 4000012837670426, guid: 2f414f50b1f8ce946a4e12c0a149351a, type: 2}
      propertyPath: m_LocalRotation.y
      value: 0
      objectReference: {fileID: 0}
    - target: {fileID: 4000012837670426, guid: 2f414f50b1f8ce946a4e12c0a149351a, type: 2}
      propertyPath: m_LocalRotation.z
      value: 0
      objectReference: {fileID: 0}
    - target: {fileID: 4000012837670426, guid: 2f414f50b1f8ce946a4e12c0a149351a, type: 2}
      propertyPath: m_LocalRotation.w
      value: 1
      objectReference: {fileID: 0}
    - target: {fileID: 4000012837670426, guid: 2f414f50b1f8ce946a4e12c0a149351a, type: 2}
      propertyPath: m_RootOrder
      value: 6
      objectReference: {fileID: 0}
    - target: {fileID: 1000013002163766, guid: 2f414f50b1f8ce946a4e12c0a149351a, type: 2}
      propertyPath: m_Name
      value: Elephant (1)
      objectReference: {fileID: 0}
    m_RemovedComponents: []
  m_ParentPrefab: {fileID: 100100000, guid: 2f414f50b1f8ce946a4e12c0a149351a, type: 2}
  m_IsPrefabParent: 0
--- !u!1001 &1751602736
Prefab:
  m_ObjectHideFlags: 0
  serializedVersion: 2
  m_Modification:
    m_TransformParent: {fileID: 0}
    m_Modifications:
    - target: {fileID: 4000013181755252, guid: e5a14b9676fe2044794497dfebb7e8d4, type: 2}
      propertyPath: m_LocalPosition.x
      value: 0
      objectReference: {fileID: 0}
    - target: {fileID: 4000013181755252, guid: e5a14b9676fe2044794497dfebb7e8d4, type: 2}
      propertyPath: m_LocalPosition.y
      value: 0
      objectReference: {fileID: 0}
    - target: {fileID: 4000013181755252, guid: e5a14b9676fe2044794497dfebb7e8d4, type: 2}
      propertyPath: m_LocalPosition.z
      value: 0
      objectReference: {fileID: 0}
    - target: {fileID: 4000013181755252, guid: e5a14b9676fe2044794497dfebb7e8d4, type: 2}
      propertyPath: m_LocalRotation.x
      value: 0
      objectReference: {fileID: 0}
    - target: {fileID: 4000013181755252, guid: e5a14b9676fe2044794497dfebb7e8d4, type: 2}
      propertyPath: m_LocalRotation.y
      value: 0
      objectReference: {fileID: 0}
    - target: {fileID: 4000013181755252, guid: e5a14b9676fe2044794497dfebb7e8d4, type: 2}
      propertyPath: m_LocalRotation.z
      value: 0
      objectReference: {fileID: 0}
    - target: {fileID: 4000013181755252, guid: e5a14b9676fe2044794497dfebb7e8d4, type: 2}
      propertyPath: m_LocalRotation.w
      value: 1
      objectReference: {fileID: 0}
    - target: {fileID: 4000013181755252, guid: e5a14b9676fe2044794497dfebb7e8d4, type: 2}
      propertyPath: m_RootOrder
      value: 11
      objectReference: {fileID: 0}
    - target: {fileID: 4000013181755252, guid: e5a14b9676fe2044794497dfebb7e8d4, type: 2}
      propertyPath: m_LocalScale.x
      value: 50
      objectReference: {fileID: 0}
    m_RemovedComponents: []
  m_ParentPrefab: {fileID: 100100000, guid: e5a14b9676fe2044794497dfebb7e8d4, type: 2}
  m_IsPrefabParent: 0
--- !u!1 &1766668385
GameObject:
  m_ObjectHideFlags: 0
  m_PrefabParentObject: {fileID: 0}
  m_PrefabInternal: {fileID: 0}
  serializedVersion: 4
  m_Component:
  - 4: {fileID: 1766668387}
  - 114: {fileID: 1766668386}
  m_Layer: 0
  m_Name: InControl
  m_TagString: Untagged
  m_Icon: {fileID: 0}
  m_NavMeshLayer: 0
  m_StaticEditorFlags: 0
  m_IsActive: 1
--- !u!114 &1766668386
MonoBehaviour:
  m_ObjectHideFlags: 0
  m_PrefabParentObject: {fileID: 0}
  m_PrefabInternal: {fileID: 0}
  m_GameObject: {fileID: 1766668385}
  m_Enabled: 1
  m_EditorHideFlags: 0
  m_Script: {fileID: 11500000, guid: c7b5e8de77c5b4597ae7fbfb49a95e22, type: 3}
  m_Name: 
  m_EditorClassIdentifier: 
  logDebugInfo: 0
  invertYAxis: 0
  enableXInput: 0
  useFixedUpdate: 0
  dontDestroyOnLoad: 0
  customProfiles: []
--- !u!4 &1766668387
Transform:
  m_ObjectHideFlags: 0
  m_PrefabParentObject: {fileID: 0}
  m_PrefabInternal: {fileID: 0}
  m_GameObject: {fileID: 1766668385}
  m_LocalRotation: {x: 0, y: 0, z: 0, w: 1}
  m_LocalPosition: {x: 0, y: 0, z: 0}
  m_LocalScale: {x: 1, y: 1, z: 1}
  m_LocalEulerAnglesHint: {x: 0, y: 0, z: 0}
  m_Children: []
  m_Father: {fileID: 0}
  m_RootOrder: 2
--- !u!1001 &1796214687
Prefab:
  m_ObjectHideFlags: 0
  serializedVersion: 2
  m_Modification:
    m_TransformParent: {fileID: 0}
    m_Modifications:
    - target: {fileID: 4000013181755252, guid: e5a14b9676fe2044794497dfebb7e8d4, type: 2}
      propertyPath: m_LocalPosition.x
      value: 25
      objectReference: {fileID: 0}
    - target: {fileID: 4000013181755252, guid: e5a14b9676fe2044794497dfebb7e8d4, type: 2}
      propertyPath: m_LocalPosition.y
      value: 25
      objectReference: {fileID: 0}
    - target: {fileID: 4000013181755252, guid: e5a14b9676fe2044794497dfebb7e8d4, type: 2}
      propertyPath: m_LocalPosition.z
      value: 0
      objectReference: {fileID: 0}
    - target: {fileID: 4000013181755252, guid: e5a14b9676fe2044794497dfebb7e8d4, type: 2}
      propertyPath: m_LocalRotation.x
      value: 0
      objectReference: {fileID: 0}
    - target: {fileID: 4000013181755252, guid: e5a14b9676fe2044794497dfebb7e8d4, type: 2}
      propertyPath: m_LocalRotation.y
      value: 0
      objectReference: {fileID: 0}
    - target: {fileID: 4000013181755252, guid: e5a14b9676fe2044794497dfebb7e8d4, type: 2}
      propertyPath: m_LocalRotation.z
      value: 0.7071068
      objectReference: {fileID: 0}
    - target: {fileID: 4000013181755252, guid: e5a14b9676fe2044794497dfebb7e8d4, type: 2}
      propertyPath: m_LocalRotation.w
      value: 0.7071068
      objectReference: {fileID: 0}
    - target: {fileID: 4000013181755252, guid: e5a14b9676fe2044794497dfebb7e8d4, type: 2}
      propertyPath: m_RootOrder
      value: 12
      objectReference: {fileID: 0}
    - target: {fileID: 4000013181755252, guid: e5a14b9676fe2044794497dfebb7e8d4, type: 2}
      propertyPath: m_LocalScale.x
      value: 50
      objectReference: {fileID: 0}
    - target: {fileID: 1000012802427568, guid: e5a14b9676fe2044794497dfebb7e8d4, type: 2}
      propertyPath: m_Name
      value: Platform_2 (1)
      objectReference: {fileID: 0}
    - target: {fileID: 4000013181755252, guid: e5a14b9676fe2044794497dfebb7e8d4, type: 2}
      propertyPath: m_LocalEulerAnglesHint.z
      value: 90
      objectReference: {fileID: 0}
    m_RemovedComponents: []
  m_ParentPrefab: {fileID: 100100000, guid: e5a14b9676fe2044794497dfebb7e8d4, type: 2}
  m_IsPrefabParent: 0
--- !u!1001 &2030550636
Prefab:
  m_ObjectHideFlags: 0
  serializedVersion: 2
  m_Modification:
    m_TransformParent: {fileID: 1194438995}
    m_Modifications:
    - target: {fileID: 4000011552057232, guid: 113b6b33abeb1a2429c522559c47a6f8, type: 2}
      propertyPath: m_LocalPosition.x
      value: 0
      objectReference: {fileID: 0}
    - target: {fileID: 4000011552057232, guid: 113b6b33abeb1a2429c522559c47a6f8, type: 2}
      propertyPath: m_LocalPosition.y
      value: 0
      objectReference: {fileID: 0}
    - target: {fileID: 4000011552057232, guid: 113b6b33abeb1a2429c522559c47a6f8, type: 2}
      propertyPath: m_LocalPosition.z
      value: 12
      objectReference: {fileID: 0}
    - target: {fileID: 4000011552057232, guid: 113b6b33abeb1a2429c522559c47a6f8, type: 2}
      propertyPath: m_LocalRotation.x
      value: 0
      objectReference: {fileID: 0}
    - target: {fileID: 4000011552057232, guid: 113b6b33abeb1a2429c522559c47a6f8, type: 2}
      propertyPath: m_LocalRotation.y
      value: 0
      objectReference: {fileID: 0}
    - target: {fileID: 4000011552057232, guid: 113b6b33abeb1a2429c522559c47a6f8, type: 2}
      propertyPath: m_LocalRotation.z
      value: 0
      objectReference: {fileID: 0}
    - target: {fileID: 4000011552057232, guid: 113b6b33abeb1a2429c522559c47a6f8, type: 2}
      propertyPath: m_LocalRotation.w
      value: 1
      objectReference: {fileID: 0}
    - target: {fileID: 4000011552057232, guid: 113b6b33abeb1a2429c522559c47a6f8, type: 2}
      propertyPath: m_RootOrder
      value: 0
      objectReference: {fileID: 0}
    - target: {fileID: 212000013271122878, guid: 113b6b33abeb1a2429c522559c47a6f8,
        type: 2}
      propertyPath: m_SortingOrder
      value: -5
      objectReference: {fileID: 0}
    - target: {fileID: 4000011552057232, guid: 113b6b33abeb1a2429c522559c47a6f8, type: 2}
      propertyPath: m_LocalScale.x
      value: 2
      objectReference: {fileID: 0}
    - target: {fileID: 4000011552057232, guid: 113b6b33abeb1a2429c522559c47a6f8, type: 2}
      propertyPath: m_LocalScale.y
      value: 2
      objectReference: {fileID: 0}
    m_RemovedComponents: []
  m_ParentPrefab: {fileID: 100100000, guid: 113b6b33abeb1a2429c522559c47a6f8, type: 2}
  m_IsPrefabParent: 0
--- !u!1 &2035883396
GameObject:
  m_ObjectHideFlags: 0
  m_PrefabParentObject: {fileID: 0}
  m_PrefabInternal: {fileID: 0}
  serializedVersion: 4
  m_Component:
  - 4: {fileID: 2035883398}
  - 114: {fileID: 2035883397}
  m_Layer: 12
  m_Name: NarwhalSpawn
  m_TagString: Untagged
  m_Icon: {fileID: 0}
  m_NavMeshLayer: 0
  m_StaticEditorFlags: 0
  m_IsActive: 1
--- !u!114 &2035883397
MonoBehaviour:
  m_ObjectHideFlags: 0
  m_PrefabParentObject: {fileID: 0}
  m_PrefabInternal: {fileID: 0}
  m_GameObject: {fileID: 2035883396}
  m_Enabled: 1
  m_EditorHideFlags: 0
  m_Script: {fileID: 11500000, guid: cb51921ac43c95541b718e156b566a88, type: 3}
  m_Name: 
  m_EditorClassIdentifier: 
  enemy: {fileID: 1000010753973420, guid: 33925128973d003498439f5f1476b567, type: 2}
  numEnemies: 10
  spawnRate: 5
--- !u!4 &2035883398
Transform:
  m_ObjectHideFlags: 0
  m_PrefabParentObject: {fileID: 0}
  m_PrefabInternal: {fileID: 0}
  m_GameObject: {fileID: 2035883396}
  m_LocalRotation: {x: -0, y: -0, z: -0, w: 1}
  m_LocalPosition: {x: 20, y: 7, z: 0}
  m_LocalScale: {x: 1, y: 1, z: 1}
  m_LocalEulerAnglesHint: {x: 0, y: 0, z: 0}
  m_Children: []
  m_Father: {fileID: 0}
  m_RootOrder: 7
