%YAML 1.1
%TAG !u! tag:unity3d.com,2011:
--- !u!29 &1
SceneSettings:
  m_ObjectHideFlags: 0
  m_PVSData: 
  m_PVSObjectsArray: []
  m_PVSPortalsArray: []
  m_OcclusionBakeSettings:
    smallestOccluder: 5
    smallestHole: 0.25
    backfaceThreshold: 100
--- !u!104 &2
RenderSettings:
  m_ObjectHideFlags: 0
  serializedVersion: 7
  m_Fog: 0
  m_FogColor: {r: 0.5, g: 0.5, b: 0.5, a: 1}
  m_FogMode: 3
  m_FogDensity: 0.01
  m_LinearFogStart: 0
  m_LinearFogEnd: 300
  m_AmbientSkyColor: {r: 0.212, g: 0.227, b: 0.259, a: 1}
  m_AmbientEquatorColor: {r: 0.114, g: 0.125, b: 0.133, a: 1}
  m_AmbientGroundColor: {r: 0.047, g: 0.043, b: 0.035, a: 1}
  m_AmbientIntensity: 1
  m_AmbientMode: 0
  m_SkyboxMaterial: {fileID: 10304, guid: 0000000000000000f000000000000000, type: 0}
  m_HaloStrength: 0.5
  m_FlareStrength: 1
  m_FlareFadeSpeed: 3
  m_HaloTexture: {fileID: 0}
  m_SpotCookie: {fileID: 10001, guid: 0000000000000000e000000000000000, type: 0}
  m_DefaultReflectionMode: 0
  m_DefaultReflectionResolution: 128
  m_ReflectionBounces: 1
  m_ReflectionIntensity: 1
  m_CustomReflection: {fileID: 0}
  m_Sun: {fileID: 0}
  m_IndirectSpecularColor: {r: 0.44692558, g: 0.49678743, b: 0.57508624, a: 1}
--- !u!157 &3
LightmapSettings:
  m_ObjectHideFlags: 0
  serializedVersion: 7
  m_GIWorkflowMode: 0
  m_GISettings:
    serializedVersion: 2
    m_BounceScale: 1
    m_IndirectOutputScale: 1
    m_AlbedoBoost: 1
    m_TemporalCoherenceThreshold: 1
    m_EnvironmentLightingMode: 0
    m_EnableBakedLightmaps: 1
    m_EnableRealtimeLightmaps: 1
  m_LightmapEditorSettings:
    serializedVersion: 4
    m_Resolution: 2
    m_BakeResolution: 40
    m_TextureWidth: 1024
    m_TextureHeight: 1024
    m_AO: 0
    m_AOMaxDistance: 1
    m_CompAOExponent: 1
    m_CompAOExponentDirect: 0
    m_Padding: 2
    m_LightmapParameters: {fileID: 0}
    m_LightmapsBakeMode: 1
    m_TextureCompression: 1
    m_DirectLightInLightProbes: 1
    m_FinalGather: 0
    m_FinalGatherFiltering: 1
    m_FinalGatherRayCount: 256
    m_ReflectionCompression: 2
  m_LightingDataAsset: {fileID: 0}
  m_RuntimeCPUUsage: 25
--- !u!196 &4
NavMeshSettings:
  serializedVersion: 2
  m_ObjectHideFlags: 0
  m_BuildSettings:
    serializedVersion: 2
    agentRadius: 0.5
    agentHeight: 2
    agentSlope: 45
    agentClimb: 0.4
    ledgeDropHeight: 0
    maxJumpAcrossDistance: 0
    accuratePlacement: 0
    minRegionArea: 2
    cellSize: 0.16666667
    manualCellSize: 0
  m_NavMeshData: {fileID: 0}
--- !u!1001 &67284435
Prefab:
  m_ObjectHideFlags: 0
  serializedVersion: 2
  m_Modification:
    m_TransformParent: {fileID: 0}
    m_Modifications:
    - target: {fileID: 4000013291809478, guid: 13e1bc5b826be4e40904c5ac498b5247, type: 2}
      propertyPath: m_LocalPosition.x
      value: 11
      objectReference: {fileID: 0}
    - target: {fileID: 4000013291809478, guid: 13e1bc5b826be4e40904c5ac498b5247, type: 2}
      propertyPath: m_LocalPosition.y
      value: 1
      objectReference: {fileID: 0}
    - target: {fileID: 4000013291809478, guid: 13e1bc5b826be4e40904c5ac498b5247, type: 2}
      propertyPath: m_LocalPosition.z
      value: 0
      objectReference: {fileID: 0}
    - target: {fileID: 4000013291809478, guid: 13e1bc5b826be4e40904c5ac498b5247, type: 2}
      propertyPath: m_LocalRotation.x
      value: 0
      objectReference: {fileID: 0}
    - target: {fileID: 4000013291809478, guid: 13e1bc5b826be4e40904c5ac498b5247, type: 2}
      propertyPath: m_LocalRotation.y
      value: 0
      objectReference: {fileID: 0}
    - target: {fileID: 4000013291809478, guid: 13e1bc5b826be4e40904c5ac498b5247, type: 2}
      propertyPath: m_LocalRotation.z
      value: 0
      objectReference: {fileID: 0}
    - target: {fileID: 4000013291809478, guid: 13e1bc5b826be4e40904c5ac498b5247, type: 2}
      propertyPath: m_LocalRotation.w
      value: 1
      objectReference: {fileID: 0}
    - target: {fileID: 4000013291809478, guid: 13e1bc5b826be4e40904c5ac498b5247, type: 2}
      propertyPath: m_RootOrder
      value: 2
      objectReference: {fileID: 0}
    - target: {fileID: 4000013291809478, guid: 13e1bc5b826be4e40904c5ac498b5247, type: 2}
      propertyPath: m_LocalScale.x
      value: 1
      objectReference: {fileID: 0}
    m_RemovedComponents: []
  m_ParentPrefab: {fileID: 100100000, guid: 13e1bc5b826be4e40904c5ac498b5247, type: 2}
  m_IsPrefabParent: 0
--- !u!1001 &173695664
Prefab:
  m_ObjectHideFlags: 0
  serializedVersion: 2
  m_Modification:
    m_TransformParent: {fileID: 0}
    m_Modifications:
    - target: {fileID: 4000012895034076, guid: 1a7bbefc13559fe4e9a74f128a93021c, type: 2}
      propertyPath: m_LocalPosition.x
      value: 0.27
      objectReference: {fileID: 0}
    - target: {fileID: 4000012895034076, guid: 1a7bbefc13559fe4e9a74f128a93021c, type: 2}
      propertyPath: m_LocalPosition.y
      value: -6.94
      objectReference: {fileID: 0}
    - target: {fileID: 4000012895034076, guid: 1a7bbefc13559fe4e9a74f128a93021c, type: 2}
      propertyPath: m_LocalPosition.z
      value: 0
      objectReference: {fileID: 0}
    - target: {fileID: 4000012895034076, guid: 1a7bbefc13559fe4e9a74f128a93021c, type: 2}
      propertyPath: m_LocalRotation.x
      value: 0
      objectReference: {fileID: 0}
    - target: {fileID: 4000012895034076, guid: 1a7bbefc13559fe4e9a74f128a93021c, type: 2}
      propertyPath: m_LocalRotation.y
      value: 0
      objectReference: {fileID: 0}
    - target: {fileID: 4000012895034076, guid: 1a7bbefc13559fe4e9a74f128a93021c, type: 2}
      propertyPath: m_LocalRotation.z
      value: 0
      objectReference: {fileID: 0}
    - target: {fileID: 4000012895034076, guid: 1a7bbefc13559fe4e9a74f128a93021c, type: 2}
      propertyPath: m_LocalRotation.w
      value: 1
      objectReference: {fileID: 0}
    - target: {fileID: 4000012895034076, guid: 1a7bbefc13559fe4e9a74f128a93021c, type: 2}
      propertyPath: m_RootOrder
      value: 5
      objectReference: {fileID: 0}
    m_RemovedComponents: []
  m_ParentPrefab: {fileID: 100100000, guid: 1a7bbefc13559fe4e9a74f128a93021c, type: 2}
  m_IsPrefabParent: 0
--- !u!1001 &320409167
Prefab:
  m_ObjectHideFlags: 0
  serializedVersion: 2
  m_Modification:
    m_TransformParent: {fileID: 0}
    m_Modifications:
    - target: {fileID: 4000010832285960, guid: 7b675c2e103e4b64db695149292de0c4, type: 2}
      propertyPath: m_LocalPosition.x
      value: 25
      objectReference: {fileID: 0}
    - target: {fileID: 4000010832285960, guid: 7b675c2e103e4b64db695149292de0c4, type: 2}
      propertyPath: m_LocalPosition.y
      value: -9
      objectReference: {fileID: 0}
    - target: {fileID: 4000010832285960, guid: 7b675c2e103e4b64db695149292de0c4, type: 2}
      propertyPath: m_LocalPosition.z
      value: 0
      objectReference: {fileID: 0}
    - target: {fileID: 4000010832285960, guid: 7b675c2e103e4b64db695149292de0c4, type: 2}
      propertyPath: m_LocalRotation.x
      value: 0
      objectReference: {fileID: 0}
    - target: {fileID: 4000010832285960, guid: 7b675c2e103e4b64db695149292de0c4, type: 2}
      propertyPath: m_LocalRotation.y
      value: 0
      objectReference: {fileID: 0}
    - target: {fileID: 4000010832285960, guid: 7b675c2e103e4b64db695149292de0c4, type: 2}
      propertyPath: m_LocalRotation.z
      value: 0
      objectReference: {fileID: 0}
    - target: {fileID: 4000010832285960, guid: 7b675c2e103e4b64db695149292de0c4, type: 2}
      propertyPath: m_LocalRotation.w
      value: 1
      objectReference: {fileID: 0}
    - target: {fileID: 4000010832285960, guid: 7b675c2e103e4b64db695149292de0c4, type: 2}
      propertyPath: m_RootOrder
      value: 14
      objectReference: {fileID: 0}
    - target: {fileID: 1000010236899828, guid: 7b675c2e103e4b64db695149292de0c4, type: 2}
      propertyPath: m_Name
      value: Platform (5)
      objectReference: {fileID: 0}
    - target: {fileID: 114000014104721688, guid: 7b675c2e103e4b64db695149292de0c4,
        type: 2}
      propertyPath: width
      value: 20
      objectReference: {fileID: 0}
    m_RemovedComponents: []
  m_ParentPrefab: {fileID: 100100000, guid: 7b675c2e103e4b64db695149292de0c4, type: 2}
  m_IsPrefabParent: 0
--- !u!1001 &712869004
Prefab:
  m_ObjectHideFlags: 0
  serializedVersion: 2
  m_Modification:
    m_TransformParent: {fileID: 1374232603}
    m_Modifications:
    - target: {fileID: 4000014082331448, guid: 0a32ab4964bcb614490e2093438c6cf2, type: 2}
      propertyPath: m_LocalPosition.x
      value: 51.581703
      objectReference: {fileID: 0}
    - target: {fileID: 4000014082331448, guid: 0a32ab4964bcb614490e2093438c6cf2, type: 2}
      propertyPath: m_LocalPosition.y
      value: 10.862689
      objectReference: {fileID: 0}
    - target: {fileID: 4000014082331448, guid: 0a32ab4964bcb614490e2093438c6cf2, type: 2}
      propertyPath: m_LocalPosition.z
      value: 4
      objectReference: {fileID: 0}
    - target: {fileID: 4000014082331448, guid: 0a32ab4964bcb614490e2093438c6cf2, type: 2}
      propertyPath: m_LocalRotation.x
      value: -0
      objectReference: {fileID: 0}
    - target: {fileID: 4000014082331448, guid: 0a32ab4964bcb614490e2093438c6cf2, type: 2}
      propertyPath: m_LocalRotation.y
      value: -0
      objectReference: {fileID: 0}
    - target: {fileID: 4000014082331448, guid: 0a32ab4964bcb614490e2093438c6cf2, type: 2}
      propertyPath: m_LocalRotation.z
      value: -0
      objectReference: {fileID: 0}
    - target: {fileID: 4000014082331448, guid: 0a32ab4964bcb614490e2093438c6cf2, type: 2}
      propertyPath: m_LocalRotation.w
      value: 1
      objectReference: {fileID: 0}
    - target: {fileID: 4000014082331448, guid: 0a32ab4964bcb614490e2093438c6cf2, type: 2}
      propertyPath: m_RootOrder
      value: 0
      objectReference: {fileID: 0}
    m_RemovedComponents: []
  m_ParentPrefab: {fileID: 100100000, guid: 0a32ab4964bcb614490e2093438c6cf2, type: 2}
  m_IsPrefabParent: 0
--- !u!114 &712869005 stripped
MonoBehaviour:
  m_PrefabParentObject: {fileID: 114000012530318930, guid: 0a32ab4964bcb614490e2093438c6cf2,
    type: 2}
  m_PrefabInternal: {fileID: 712869004}
  m_Script: {fileID: 11500000, guid: aecd4c3c9b5880241ad400eb8e9fc8fb, type: 3}
--- !u!1001 &741366778
Prefab:
  m_ObjectHideFlags: 0
  serializedVersion: 2
  m_Modification:
    m_TransformParent: {fileID: 0}
    m_Modifications:
    - target: {fileID: 4000010832285960, guid: 7b675c2e103e4b64db695149292de0c4, type: 2}
      propertyPath: m_LocalPosition.x
      value: -5
      objectReference: {fileID: 0}
    - target: {fileID: 4000010832285960, guid: 7b675c2e103e4b64db695149292de0c4, type: 2}
      propertyPath: m_LocalPosition.y
      value: -11
      objectReference: {fileID: 0}
    - target: {fileID: 4000010832285960, guid: 7b675c2e103e4b64db695149292de0c4, type: 2}
      propertyPath: m_LocalPosition.z
      value: 0
      objectReference: {fileID: 0}
    - target: {fileID: 4000010832285960, guid: 7b675c2e103e4b64db695149292de0c4, type: 2}
      propertyPath: m_LocalRotation.x
      value: 0
      objectReference: {fileID: 0}
    - target: {fileID: 4000010832285960, guid: 7b675c2e103e4b64db695149292de0c4, type: 2}
      propertyPath: m_LocalRotation.y
      value: 0
      objectReference: {fileID: 0}
    - target: {fileID: 4000010832285960, guid: 7b675c2e103e4b64db695149292de0c4, type: 2}
      propertyPath: m_LocalRotation.z
      value: 0
      objectReference: {fileID: 0}
    - target: {fileID: 4000010832285960, guid: 7b675c2e103e4b64db695149292de0c4, type: 2}
      propertyPath: m_LocalRotation.w
      value: 1
      objectReference: {fileID: 0}
    - target: {fileID: 4000010832285960, guid: 7b675c2e103e4b64db695149292de0c4, type: 2}
      propertyPath: m_RootOrder
      value: 15
      objectReference: {fileID: 0}
    - target: {fileID: 1000010236899828, guid: 7b675c2e103e4b64db695149292de0c4, type: 2}
      propertyPath: m_Name
      value: Platform (6)
      objectReference: {fileID: 0}
    - target: {fileID: 114000014104721688, guid: 7b675c2e103e4b64db695149292de0c4,
        type: 2}
      propertyPath: width
      value: 13
      objectReference: {fileID: 0}
    - target: {fileID: 114000014104721688, guid: 7b675c2e103e4b64db695149292de0c4,
        type: 2}
      propertyPath: height
      value: 2
      objectReference: {fileID: 0}
    m_RemovedComponents: []
  m_ParentPrefab: {fileID: 100100000, guid: 7b675c2e103e4b64db695149292de0c4, type: 2}
  m_IsPrefabParent: 0
--- !u!1001 &778873266
Prefab:
  m_ObjectHideFlags: 0
  serializedVersion: 2
  m_Modification:
    m_TransformParent: {fileID: 0}
    m_Modifications:
    - target: {fileID: 4000010308123140, guid: d09c73c2d94b95b489f6491f7564cdd6, type: 2}
      propertyPath: m_LocalPosition.x
      value: 21
      objectReference: {fileID: 0}
    - target: {fileID: 4000010308123140, guid: d09c73c2d94b95b489f6491f7564cdd6, type: 2}
      propertyPath: m_LocalPosition.y
      value: 1
      objectReference: {fileID: 0}
    - target: {fileID: 4000010308123140, guid: d09c73c2d94b95b489f6491f7564cdd6, type: 2}
      propertyPath: m_LocalPosition.z
      value: 0
      objectReference: {fileID: 0}
    - target: {fileID: 4000010308123140, guid: d09c73c2d94b95b489f6491f7564cdd6, type: 2}
      propertyPath: m_LocalRotation.x
      value: 0
      objectReference: {fileID: 0}
    - target: {fileID: 4000010308123140, guid: d09c73c2d94b95b489f6491f7564cdd6, type: 2}
      propertyPath: m_LocalRotation.y
      value: 0
      objectReference: {fileID: 0}
    - target: {fileID: 4000010308123140, guid: d09c73c2d94b95b489f6491f7564cdd6, type: 2}
      propertyPath: m_LocalRotation.z
      value: 0
      objectReference: {fileID: 0}
    - target: {fileID: 4000010308123140, guid: d09c73c2d94b95b489f6491f7564cdd6, type: 2}
      propertyPath: m_LocalRotation.w
      value: 1
      objectReference: {fileID: 0}
    - target: {fileID: 4000010308123140, guid: d09c73c2d94b95b489f6491f7564cdd6, type: 2}
      propertyPath: m_RootOrder
      value: 19
      objectReference: {fileID: 0}
    - target: {fileID: 1000012314839644, guid: d09c73c2d94b95b489f6491f7564cdd6, type: 2}
      propertyPath: m_Name
      value: Bricks 1 (1)
      objectReference: {fileID: 0}
    m_RemovedComponents: []
  m_ParentPrefab: {fileID: 100100000, guid: d09c73c2d94b95b489f6491f7564cdd6, type: 2}
  m_IsPrefabParent: 0
--- !u!1001 &805781730
Prefab:
  m_ObjectHideFlags: 0
  serializedVersion: 2
  m_Modification:
    m_TransformParent: {fileID: 0}
    m_Modifications:
    - target: {fileID: 4000010832285960, guid: 7b675c2e103e4b64db695149292de0c4, type: 2}
      propertyPath: m_LocalPosition.x
      value: -5
      objectReference: {fileID: 0}
    - target: {fileID: 4000010832285960, guid: 7b675c2e103e4b64db695149292de0c4, type: 2}
      propertyPath: m_LocalPosition.y
      value: -9
      objectReference: {fileID: 0}
    - target: {fileID: 4000010832285960, guid: 7b675c2e103e4b64db695149292de0c4, type: 2}
      propertyPath: m_LocalPosition.z
      value: 0
      objectReference: {fileID: 0}
    - target: {fileID: 4000010832285960, guid: 7b675c2e103e4b64db695149292de0c4, type: 2}
      propertyPath: m_LocalRotation.x
      value: 0
      objectReference: {fileID: 0}
    - target: {fileID: 4000010832285960, guid: 7b675c2e103e4b64db695149292de0c4, type: 2}
      propertyPath: m_LocalRotation.y
      value: 0
      objectReference: {fileID: 0}
    - target: {fileID: 4000010832285960, guid: 7b675c2e103e4b64db695149292de0c4, type: 2}
      propertyPath: m_LocalRotation.z
      value: 0
      objectReference: {fileID: 0}
    - target: {fileID: 4000010832285960, guid: 7b675c2e103e4b64db695149292de0c4, type: 2}
      propertyPath: m_LocalRotation.w
      value: 1
      objectReference: {fileID: 0}
    - target: {fileID: 4000010832285960, guid: 7b675c2e103e4b64db695149292de0c4, type: 2}
      propertyPath: m_RootOrder
      value: 12
      objectReference: {fileID: 0}
    - target: {fileID: 1000010236899828, guid: 7b675c2e103e4b64db695149292de0c4, type: 2}
      propertyPath: m_Name
      value: Platform (3)
      objectReference: {fileID: 0}
    - target: {fileID: 114000014104721688, guid: 7b675c2e103e4b64db695149292de0c4,
        type: 2}
      propertyPath: width
      value: 13
      objectReference: {fileID: 0}
    m_RemovedComponents: []
  m_ParentPrefab: {fileID: 100100000, guid: 7b675c2e103e4b64db695149292de0c4, type: 2}
  m_IsPrefabParent: 0
--- !u!1 &912285673
GameObject:
  m_ObjectHideFlags: 0
  m_PrefabParentObject: {fileID: 0}
  m_PrefabInternal: {fileID: 0}
  serializedVersion: 4
  m_Component:
  - 4: {fileID: 912285675}
  - 82: {fileID: 912285674}
  - 114: {fileID: 912285676}
  m_Layer: 0
  m_Name: MusicBG
  m_TagString: Untagged
  m_Icon: {fileID: 0}
  m_NavMeshLayer: 0
  m_StaticEditorFlags: 0
  m_IsActive: 1
--- !u!82 &912285674
AudioSource:
  m_ObjectHideFlags: 0
  m_PrefabParentObject: {fileID: 0}
  m_PrefabInternal: {fileID: 0}
  m_GameObject: {fileID: 912285673}
  m_Enabled: 1
  serializedVersion: 4
  OutputAudioMixerGroup: {fileID: 0}
  m_audioClip: {fileID: 8300000, guid: 93e73a37754838745a3bd6fa8e533a6d, type: 3}
  m_PlayOnAwake: 1
  m_Volume: 1
  m_Pitch: 1
  Loop: 1
  Mute: 0
  Spatialize: 0
  Priority: 128
  DopplerLevel: 1
  MinDistance: 1
  MaxDistance: 500
  Pan2D: 0
  rolloffMode: 0
  BypassEffects: 0
  BypassListenerEffects: 0
  BypassReverbZones: 0
  rolloffCustomCurve:
    serializedVersion: 2
    m_Curve:
    - time: 0
      value: 1
      inSlope: 0
      outSlope: 0
      tangentMode: 0
    - time: 1
      value: 0
      inSlope: 0
      outSlope: 0
      tangentMode: 0
    m_PreInfinity: 2
    m_PostInfinity: 2
    m_RotationOrder: 4
  panLevelCustomCurve:
    serializedVersion: 2
    m_Curve:
    - time: 0
      value: 0
      inSlope: 0
      outSlope: 0
      tangentMode: 0
    m_PreInfinity: 2
    m_PostInfinity: 2
    m_RotationOrder: 0
  spreadCustomCurve:
    serializedVersion: 2
    m_Curve:
    - time: 0
      value: 0
      inSlope: 0
      outSlope: 0
      tangentMode: 0
    m_PreInfinity: 2
    m_PostInfinity: 2
    m_RotationOrder: 4
  reverbZoneMixCustomCurve:
    serializedVersion: 2
    m_Curve:
    - time: 0
      value: 1
      inSlope: 0
      outSlope: 0
      tangentMode: 0
    m_PreInfinity: 2
    m_PostInfinity: 2
    m_RotationOrder: 0
--- !u!4 &912285675
Transform:
  m_ObjectHideFlags: 0
  m_PrefabParentObject: {fileID: 0}
  m_PrefabInternal: {fileID: 0}
  m_GameObject: {fileID: 912285673}
  m_LocalRotation: {x: 0, y: 0, z: 0, w: 1}
  m_LocalPosition: {x: 26.162241, y: 2.6768396, z: 0}
  m_LocalScale: {x: 1, y: 1, z: 1}
  m_LocalEulerAnglesHint: {x: 0, y: 0, z: 0}
  m_Children: []
  m_Father: {fileID: 0}
  m_RootOrder: 22
--- !u!114 &912285676
MonoBehaviour:
  m_ObjectHideFlags: 0
  m_PrefabParentObject: {fileID: 0}
  m_PrefabInternal: {fileID: 0}
  m_GameObject: {fileID: 912285673}
  m_Enabled: 1
  m_EditorHideFlags: 0
  m_Script: {fileID: 11500000, guid: a5d5f4a96ae7c194f88ac063dbfb6586, type: 3}
  m_Name: 
  m_EditorClassIdentifier: 
--- !u!1001 &1015723698
Prefab:
  m_ObjectHideFlags: 0
  serializedVersion: 2
  m_Modification:
    m_TransformParent: {fileID: 0}
    m_Modifications:
    - target: {fileID: 4000011288715366, guid: 3a45cf48a9141514b8361dc63a694a73, type: 2}
      propertyPath: m_LocalPosition.x
      value: 76.1
      objectReference: {fileID: 0}
    - target: {fileID: 4000011288715366, guid: 3a45cf48a9141514b8361dc63a694a73, type: 2}
      propertyPath: m_LocalPosition.y
      value: 3.687507
      objectReference: {fileID: 0}
    - target: {fileID: 4000011288715366, guid: 3a45cf48a9141514b8361dc63a694a73, type: 2}
      propertyPath: m_LocalPosition.z
      value: 4
      objectReference: {fileID: 0}
    - target: {fileID: 4000011288715366, guid: 3a45cf48a9141514b8361dc63a694a73, type: 2}
      propertyPath: m_LocalRotation.x
      value: 0
      objectReference: {fileID: 0}
    - target: {fileID: 4000011288715366, guid: 3a45cf48a9141514b8361dc63a694a73, type: 2}
      propertyPath: m_LocalRotation.y
      value: 0
      objectReference: {fileID: 0}
    - target: {fileID: 4000011288715366, guid: 3a45cf48a9141514b8361dc63a694a73, type: 2}
      propertyPath: m_LocalRotation.z
      value: 0
      objectReference: {fileID: 0}
    - target: {fileID: 4000011288715366, guid: 3a45cf48a9141514b8361dc63a694a73, type: 2}
      propertyPath: m_LocalRotation.w
      value: 1
      objectReference: {fileID: 0}
    - target: {fileID: 4000011288715366, guid: 3a45cf48a9141514b8361dc63a694a73, type: 2}
      propertyPath: m_RootOrder
      value: 11
      objectReference: {fileID: 0}
    m_RemovedComponents: []
  m_ParentPrefab: {fileID: 100100000, guid: 3a45cf48a9141514b8361dc63a694a73, type: 2}
  m_IsPrefabParent: 0
--- !u!1001 &1074082693
Prefab:
  m_ObjectHideFlags: 0
  serializedVersion: 2
  m_Modification:
    m_TransformParent: {fileID: 0}
    m_Modifications:
    - target: {fileID: 4000010308123140, guid: d09c73c2d94b95b489f6491f7564cdd6, type: 2}
      propertyPath: m_LocalPosition.x
      value: 11
      objectReference: {fileID: 0}
    - target: {fileID: 4000010308123140, guid: d09c73c2d94b95b489f6491f7564cdd6, type: 2}
      propertyPath: m_LocalPosition.y
      value: 1
      objectReference: {fileID: 0}
    - target: {fileID: 4000010308123140, guid: d09c73c2d94b95b489f6491f7564cdd6, type: 2}
      propertyPath: m_LocalPosition.z
      value: 0
      objectReference: {fileID: 0}
    - target: {fileID: 4000010308123140, guid: d09c73c2d94b95b489f6491f7564cdd6, type: 2}
      propertyPath: m_LocalRotation.x
      value: 0
      objectReference: {fileID: 0}
    - target: {fileID: 4000010308123140, guid: d09c73c2d94b95b489f6491f7564cdd6, type: 2}
      propertyPath: m_LocalRotation.y
      value: 0
      objectReference: {fileID: 0}
    - target: {fileID: 4000010308123140, guid: d09c73c2d94b95b489f6491f7564cdd6, type: 2}
      propertyPath: m_LocalRotation.z
      value: 0
      objectReference: {fileID: 0}
    - target: {fileID: 4000010308123140, guid: d09c73c2d94b95b489f6491f7564cdd6, type: 2}
      propertyPath: m_LocalRotation.w
      value: 1
      objectReference: {fileID: 0}
    - target: {fileID: 4000010308123140, guid: d09c73c2d94b95b489f6491f7564cdd6, type: 2}
      propertyPath: m_RootOrder
      value: 1
      objectReference: {fileID: 0}
    m_RemovedComponents: []
  m_ParentPrefab: {fileID: 100100000, guid: d09c73c2d94b95b489f6491f7564cdd6, type: 2}
  m_IsPrefabParent: 0
--- !u!1001 &1168172345
Prefab:
  m_ObjectHideFlags: 0
  serializedVersion: 2
  m_Modification:
    m_TransformParent: {fileID: 0}
    m_Modifications:
    - target: {fileID: 4000013291809478, guid: 13e1bc5b826be4e40904c5ac498b5247, type: 2}
      propertyPath: m_LocalPosition.x
      value: 21
      objectReference: {fileID: 0}
    - target: {fileID: 4000013291809478, guid: 13e1bc5b826be4e40904c5ac498b5247, type: 2}
      propertyPath: m_LocalPosition.y
      value: 1
      objectReference: {fileID: 0}
    - target: {fileID: 4000013291809478, guid: 13e1bc5b826be4e40904c5ac498b5247, type: 2}
      propertyPath: m_LocalPosition.z
      value: 0
      objectReference: {fileID: 0}
    - target: {fileID: 4000013291809478, guid: 13e1bc5b826be4e40904c5ac498b5247, type: 2}
      propertyPath: m_LocalRotation.x
      value: 0
      objectReference: {fileID: 0}
    - target: {fileID: 4000013291809478, guid: 13e1bc5b826be4e40904c5ac498b5247, type: 2}
      propertyPath: m_LocalRotation.y
      value: 0
      objectReference: {fileID: 0}
    - target: {fileID: 4000013291809478, guid: 13e1bc5b826be4e40904c5ac498b5247, type: 2}
      propertyPath: m_LocalRotation.z
      value: 0
      objectReference: {fileID: 0}
    - target: {fileID: 4000013291809478, guid: 13e1bc5b826be4e40904c5ac498b5247, type: 2}
      propertyPath: m_LocalRotation.w
      value: 1
      objectReference: {fileID: 0}
    - target: {fileID: 4000013291809478, guid: 13e1bc5b826be4e40904c5ac498b5247, type: 2}
      propertyPath: m_RootOrder
      value: 20
      objectReference: {fileID: 0}
    - target: {fileID: 4000013291809478, guid: 13e1bc5b826be4e40904c5ac498b5247, type: 2}
      propertyPath: m_LocalScale.x
      value: 1
      objectReference: {fileID: 0}
    - target: {fileID: 1000012950844642, guid: 13e1bc5b826be4e40904c5ac498b5247, type: 2}
      propertyPath: m_Name
      value: Wall (1)
      objectReference: {fileID: 0}
    m_RemovedComponents: []
  m_ParentPrefab: {fileID: 100100000, guid: 13e1bc5b826be4e40904c5ac498b5247, type: 2}
  m_IsPrefabParent: 0
--- !u!1 &1229567775
GameObject:
  m_ObjectHideFlags: 0
  m_PrefabParentObject: {fileID: 0}
  m_PrefabInternal: {fileID: 0}
  serializedVersion: 4
  m_Component:
  - 4: {fileID: 1229567776}
  - 212: {fileID: 1229567777}
  m_Layer: 0
  m_Name: tiledbg
  m_TagString: Untagged
  m_Icon: {fileID: 0}
  m_NavMeshLayer: 0
  m_StaticEditorFlags: 0
  m_IsActive: 1
--- !u!4 &1229567776
Transform:
  m_ObjectHideFlags: 0
  m_PrefabParentObject: {fileID: 0}
  m_PrefabInternal: {fileID: 0}
  m_GameObject: {fileID: 1229567775}
  m_LocalRotation: {x: -0, y: -0, z: -0, w: 1}
  m_LocalPosition: {x: 0, y: -1, z: 12}
  m_LocalScale: {x: 2, y: 2, z: 1}
  m_LocalEulerAnglesHint: {x: 0, y: 0, z: 0}
  m_Children: []
  m_Father: {fileID: 1536147764}
  m_RootOrder: 0
--- !u!212 &1229567777
SpriteRenderer:
  m_ObjectHideFlags: 0
  m_PrefabParentObject: {fileID: 0}
  m_PrefabInternal: {fileID: 0}
  m_GameObject: {fileID: 1229567775}
  m_Enabled: 1
  m_CastShadows: 0
  m_ReceiveShadows: 0
  m_MotionVectors: 1
  m_LightProbeUsage: 0
  m_ReflectionProbeUsage: 0
  m_Materials:
  - {fileID: 10754, guid: 0000000000000000f000000000000000, type: 0}
  m_SubsetIndices: 
  m_StaticBatchRoot: {fileID: 0}
  m_ProbeAnchor: {fileID: 0}
  m_LightProbeVolumeOverride: {fileID: 0}
  m_ScaleInLightmap: 1
  m_PreserveUVs: 0
  m_IgnoreNormalsForChartDetection: 0
  m_ImportantGI: 0
  m_SelectedWireframeHidden: 1
  m_MinimumChartSize: 4
  m_AutoUVMaxDistance: 0.5
  m_AutoUVMaxAngle: 89
  m_LightmapParameters: {fileID: 0}
  m_SortingLayerID: 0
  m_SortingOrder: 0
  m_Sprite: {fileID: 21300000, guid: c9f9961a151836842b49a2ea1e16bbb9, type: 3}
  m_Color: {r: 0.50735295, g: 0.50735295, b: 0.50735295, a: 1}
  m_FlipX: 0
  m_FlipY: 0
--- !u!1001 &1335186437
Prefab:
  m_ObjectHideFlags: 0
  serializedVersion: 2
  m_Modification:
    m_TransformParent: {fileID: 0}
    m_Modifications:
    - target: {fileID: 4000011372505768, guid: 0497bb201c8d1ce46aa46f23ba1a5827, type: 2}
      propertyPath: m_LocalPosition.x
      value: 0.9
      objectReference: {fileID: 0}
    - target: {fileID: 4000011372505768, guid: 0497bb201c8d1ce46aa46f23ba1a5827, type: 2}
      propertyPath: m_LocalPosition.y
      value: 2.5
      objectReference: {fileID: 0}
    - target: {fileID: 4000011372505768, guid: 0497bb201c8d1ce46aa46f23ba1a5827, type: 2}
      propertyPath: m_LocalPosition.z
      value: 0
      objectReference: {fileID: 0}
    - target: {fileID: 4000011372505768, guid: 0497bb201c8d1ce46aa46f23ba1a5827, type: 2}
      propertyPath: m_LocalRotation.x
      value: -0
      objectReference: {fileID: 0}
    - target: {fileID: 4000011372505768, guid: 0497bb201c8d1ce46aa46f23ba1a5827, type: 2}
      propertyPath: m_LocalRotation.y
      value: -0
      objectReference: {fileID: 0}
    - target: {fileID: 4000011372505768, guid: 0497bb201c8d1ce46aa46f23ba1a5827, type: 2}
      propertyPath: m_LocalRotation.z
      value: -0
      objectReference: {fileID: 0}
    - target: {fileID: 4000011372505768, guid: 0497bb201c8d1ce46aa46f23ba1a5827, type: 2}
      propertyPath: m_LocalRotation.w
      value: 1
      objectReference: {fileID: 0}
    - target: {fileID: 4000011372505768, guid: 0497bb201c8d1ce46aa46f23ba1a5827, type: 2}
      propertyPath: m_RootOrder
      value: 6
      objectReference: {fileID: 0}
    - target: {fileID: 23000010738264802, guid: 0497bb201c8d1ce46aa46f23ba1a5827,
        type: 2}
      propertyPath: m_Materials.Array.data[0]
      value: 
      objectReference: {fileID: 2100000, guid: 16db0bf58bd2de54ab9398979068af10, type: 2}
    m_RemovedComponents: []
  m_ParentPrefab: {fileID: 100100000, guid: 0497bb201c8d1ce46aa46f23ba1a5827, type: 2}
  m_IsPrefabParent: 0
--- !u!1001 &1374232602
Prefab:
  m_ObjectHideFlags: 0
  serializedVersion: 2
  m_Modification:
    m_TransformParent: {fileID: 0}
    m_Modifications:
    - target: {fileID: 4000013372481624, guid: 8ba5b9d25db0c2c408dc734c64cf5650, type: 2}
      propertyPath: m_LocalPosition.x
      value: 24.518295
      objectReference: {fileID: 0}
    - target: {fileID: 4000013372481624, guid: 8ba5b9d25db0c2c408dc734c64cf5650, type: 2}
      propertyPath: m_LocalPosition.y
      value: -7.175182
      objectReference: {fileID: 0}
    - target: {fileID: 4000013372481624, guid: 8ba5b9d25db0c2c408dc734c64cf5650, type: 2}
      propertyPath: m_LocalPosition.z
      value: 0
      objectReference: {fileID: 0}
    - target: {fileID: 4000013372481624, guid: 8ba5b9d25db0c2c408dc734c64cf5650, type: 2}
      propertyPath: m_LocalRotation.x
      value: 0
      objectReference: {fileID: 0}
    - target: {fileID: 4000013372481624, guid: 8ba5b9d25db0c2c408dc734c64cf5650, type: 2}
      propertyPath: m_LocalRotation.y
      value: 0
      objectReference: {fileID: 0}
    - target: {fileID: 4000013372481624, guid: 8ba5b9d25db0c2c408dc734c64cf5650, type: 2}
      propertyPath: m_LocalRotation.z
      value: 0
      objectReference: {fileID: 0}
    - target: {fileID: 4000013372481624, guid: 8ba5b9d25db0c2c408dc734c64cf5650, type: 2}
      propertyPath: m_LocalRotation.w
      value: 1
      objectReference: {fileID: 0}
    - target: {fileID: 4000013372481624, guid: 8ba5b9d25db0c2c408dc734c64cf5650, type: 2}
      propertyPath: m_RootOrder
      value: 8
      objectReference: {fileID: 0}
    - target: {fileID: 114000011637275112, guid: 8ba5b9d25db0c2c408dc734c64cf5650,
        type: 2}
      propertyPath: NextLevelName
      value: _Scene_1
      objectReference: {fileID: 0}
    - target: {fileID: 4000014073772256, guid: 8ba5b9d25db0c2c408dc734c64cf5650, type: 2}
      propertyPath: m_LocalPosition.y
      value: 9
      objectReference: {fileID: 0}
    - target: {fileID: 4000014073772256, guid: 8ba5b9d25db0c2c408dc734c64cf5650, type: 2}
      propertyPath: m_RootOrder
      value: 1
      objectReference: {fileID: 0}
    - target: {fileID: 4000011057429844, guid: 8ba5b9d25db0c2c408dc734c64cf5650, type: 2}
      propertyPath: m_RootOrder
      value: 2
      objectReference: {fileID: 0}
    - target: {fileID: 114000011637275112, guid: 8ba5b9d25db0c2c408dc734c64cf5650,
        type: 2}
      propertyPath: fade
      value: 
      objectReference: {fileID: 712869005}
    m_RemovedComponents: []
  m_ParentPrefab: {fileID: 100100000, guid: 8ba5b9d25db0c2c408dc734c64cf5650, type: 2}
  m_IsPrefabParent: 0
--- !u!4 &1374232603 stripped
Transform:
  m_PrefabParentObject: {fileID: 4000013372481624, guid: 8ba5b9d25db0c2c408dc734c64cf5650,
    type: 2}
  m_PrefabInternal: {fileID: 1374232602}
--- !u!1 &1536147759
GameObject:
  m_ObjectHideFlags: 0
  m_PrefabParentObject: {fileID: 0}
  m_PrefabInternal: {fileID: 0}
  serializedVersion: 4
  m_Component:
  - 4: {fileID: 1536147764}
  - 20: {fileID: 1536147763}
  - 92: {fileID: 1536147762}
  - 124: {fileID: 1536147761}
  - 81: {fileID: 1536147760}
  - 114: {fileID: 1536147765}
  m_Layer: 0
  m_Name: Main Camera
  m_TagString: MainCamera
  m_Icon: {fileID: 0}
  m_NavMeshLayer: 0
  m_StaticEditorFlags: 0
  m_IsActive: 1
--- !u!81 &1536147760
AudioListener:
  m_ObjectHideFlags: 0
  m_PrefabParentObject: {fileID: 0}
  m_PrefabInternal: {fileID: 0}
  m_GameObject: {fileID: 1536147759}
  m_Enabled: 1
--- !u!124 &1536147761
Behaviour:
  m_ObjectHideFlags: 0
  m_PrefabParentObject: {fileID: 0}
  m_PrefabInternal: {fileID: 0}
  m_GameObject: {fileID: 1536147759}
  m_Enabled: 1
--- !u!92 &1536147762
Behaviour:
  m_ObjectHideFlags: 0
  m_PrefabParentObject: {fileID: 0}
  m_PrefabInternal: {fileID: 0}
  m_GameObject: {fileID: 1536147759}
  m_Enabled: 1
--- !u!20 &1536147763
Camera:
  m_ObjectHideFlags: 0
  m_PrefabParentObject: {fileID: 0}
  m_PrefabInternal: {fileID: 0}
  m_GameObject: {fileID: 1536147759}
  m_Enabled: 1
  serializedVersion: 2
  m_ClearFlags: 2
  m_BackGroundColor: {r: 0, g: 0, b: 0, a: 0}
  m_NormalizedViewPortRect:
    serializedVersion: 2
    x: 0
    y: 0
    width: 1
    height: 1
  near clip plane: 0.3
  far clip plane: 1000
  field of view: 60
  orthographic: 1
  orthographic size: 12
  m_Depth: -1
  m_CullingMask:
    serializedVersion: 2
    m_Bits: 4294967295
  m_RenderingPath: -1
  m_TargetTexture: {fileID: 0}
  m_TargetDisplay: 0
  m_TargetEye: 3
  m_HDR: 0
  m_OcclusionCulling: 1
  m_StereoConvergence: 10
  m_StereoSeparation: 0.022
  m_StereoMirrorMode: 0
--- !u!4 &1536147764
Transform:
  m_ObjectHideFlags: 0
  m_PrefabParentObject: {fileID: 0}
  m_PrefabInternal: {fileID: 0}
  m_GameObject: {fileID: 1536147759}
  m_LocalRotation: {x: 0, y: 0, z: 0, w: 1}
  m_LocalPosition: {x: 0, y: 1, z: -10}
  m_LocalScale: {x: 1, y: 1, z: 1}
  m_LocalEulerAnglesHint: {x: 0, y: 0, z: 0}
  m_Children:
  - {fileID: 1229567776}
  m_Father: {fileID: 0}
  m_RootOrder: 0
--- !u!114 &1536147765
MonoBehaviour:
  m_ObjectHideFlags: 0
  m_PrefabParentObject: {fileID: 0}
  m_PrefabInternal: {fileID: 0}
  m_GameObject: {fileID: 1536147759}
  m_Enabled: 1
  m_EditorHideFlags: 0
  m_Script: {fileID: 11500000, guid: ae49b667b14e9de42bf1638103759f9a, type: 3}
  m_Name: 
  m_EditorClassIdentifier: 
  isJittering: 0
  jitterCounter: 0
  jitterDuration: 0
  jitterIntensity: 0
--- !u!1001 &1546921546
Prefab:
  m_ObjectHideFlags: 0
  serializedVersion: 2
  m_Modification:
    m_TransformParent: {fileID: 0}
    m_Modifications:
    - target: {fileID: 4000010832285960, guid: 7b675c2e103e4b64db695149292de0c4, type: 2}
      propertyPath: m_LocalPosition.x
      value: -5
      objectReference: {fileID: 0}
    - target: {fileID: 4000010832285960, guid: 7b675c2e103e4b64db695149292de0c4, type: 2}
      propertyPath: m_LocalPosition.y
      value: -14
      objectReference: {fileID: 0}
    - target: {fileID: 4000010832285960, guid: 7b675c2e103e4b64db695149292de0c4, type: 2}
      propertyPath: m_LocalPosition.z
      value: 0
      objectReference: {fileID: 0}
    - target: {fileID: 4000010832285960, guid: 7b675c2e103e4b64db695149292de0c4, type: 2}
      propertyPath: m_LocalRotation.x
      value: 0
      objectReference: {fileID: 0}
    - target: {fileID: 4000010832285960, guid: 7b675c2e103e4b64db695149292de0c4, type: 2}
      propertyPath: m_LocalRotation.y
      value: 0
      objectReference: {fileID: 0}
    - target: {fileID: 4000010832285960, guid: 7b675c2e103e4b64db695149292de0c4, type: 2}
      propertyPath: m_LocalRotation.z
      value: 0
      objectReference: {fileID: 0}
    - target: {fileID: 4000010832285960, guid: 7b675c2e103e4b64db695149292de0c4, type: 2}
      propertyPath: m_LocalRotation.w
      value: 1
      objectReference: {fileID: 0}
    - target: {fileID: 4000010832285960, guid: 7b675c2e103e4b64db695149292de0c4, type: 2}
      propertyPath: m_RootOrder
      value: 17
      objectReference: {fileID: 0}
    - target: {fileID: 1000010236899828, guid: 7b675c2e103e4b64db695149292de0c4, type: 2}
      propertyPath: m_Name
      value: Platform (7)
      objectReference: {fileID: 0}
    - target: {fileID: 114000014104721688, guid: 7b675c2e103e4b64db695149292de0c4,
        type: 2}
      propertyPath: width
      value: 15
      objectReference: {fileID: 0}
    - target: {fileID: 114000014104721688, guid: 7b675c2e103e4b64db695149292de0c4,
        type: 2}
      propertyPath: height
      value: 3
      objectReference: {fileID: 0}
    m_RemovedComponents: []
  m_ParentPrefab: {fileID: 100100000, guid: 7b675c2e103e4b64db695149292de0c4, type: 2}
  m_IsPrefabParent: 0
--- !u!1 &1604445841
GameObject:
  m_ObjectHideFlags: 0
  m_PrefabParentObject: {fileID: 0}
  m_PrefabInternal: {fileID: 0}
  serializedVersion: 4
  m_Component:
  - 4: {fileID: 1604445843}
  - 114: {fileID: 1604445842}
  m_Layer: 0
  m_Name: ContinuousMusic
  m_TagString: Untagged
  m_Icon: {fileID: 0}
  m_NavMeshLayer: 0
  m_StaticEditorFlags: 0
  m_IsActive: 1
--- !u!114 &1604445842
MonoBehaviour:
  m_ObjectHideFlags: 0
  m_PrefabParentObject: {fileID: 0}
  m_PrefabInternal: {fileID: 0}
  m_GameObject: {fileID: 1604445841}
  m_Enabled: 1
  m_EditorHideFlags: 0
  m_Script: {fileID: 11500000, guid: efdefd74df7b71344924b299a45153e0, type: 3}
  m_Name: 
  m_EditorClassIdentifier: 
--- !u!4 &1604445843
Transform:
  m_ObjectHideFlags: 0
  m_PrefabParentObject: {fileID: 0}
  m_PrefabInternal: {fileID: 0}
  m_GameObject: {fileID: 1604445841}
  m_LocalRotation: {x: 0, y: 0, z: 0, w: 1}
  m_LocalPosition: {x: 0, y: 3, z: 0}
  m_LocalScale: {x: 1, y: 1, z: 1}
  m_LocalEulerAnglesHint: {x: 0, y: 0, z: 0}
  m_Children: []
  m_Father: {fileID: 0}
  m_RootOrder: 21
--- !u!1001 &1649681158
Prefab:
  m_ObjectHideFlags: 0
  serializedVersion: 2
  m_Modification:
    m_TransformParent: {fileID: 0}
    m_Modifications:
    - target: {fileID: 4000010832285960, guid: 7b675c2e103e4b64db695149292de0c4, type: 2}
      propertyPath: m_LocalPosition.x
      value: 44
      objectReference: {fileID: 0}
    - target: {fileID: 4000010832285960, guid: 7b675c2e103e4b64db695149292de0c4, type: 2}
      propertyPath: m_LocalPosition.y
      value: -8
      objectReference: {fileID: 0}
    - target: {fileID: 4000010832285960, guid: 7b675c2e103e4b64db695149292de0c4, type: 2}
      propertyPath: m_LocalPosition.z
      value: 0
      objectReference: {fileID: 0}
    - target: {fileID: 4000010832285960, guid: 7b675c2e103e4b64db695149292de0c4, type: 2}
      propertyPath: m_LocalRotation.x
      value: 0
      objectReference: {fileID: 0}
    - target: {fileID: 4000010832285960, guid: 7b675c2e103e4b64db695149292de0c4, type: 2}
      propertyPath: m_LocalRotation.y
      value: 0
      objectReference: {fileID: 0}
    - target: {fileID: 4000010832285960, guid: 7b675c2e103e4b64db695149292de0c4, type: 2}
      propertyPath: m_LocalRotation.z
      value: 0
      objectReference: {fileID: 0}
    - target: {fileID: 4000010832285960, guid: 7b675c2e103e4b64db695149292de0c4, type: 2}
      propertyPath: m_LocalRotation.w
      value: 1
      objectReference: {fileID: 0}
    - target: {fileID: 4000010832285960, guid: 7b675c2e103e4b64db695149292de0c4, type: 2}
      propertyPath: m_RootOrder
      value: 13
      objectReference: {fileID: 0}
    - target: {fileID: 114000014104721688, guid: 7b675c2e103e4b64db695149292de0c4,
        type: 2}
      propertyPath: width
      value: 1
      objectReference: {fileID: 0}
    - target: {fileID: 114000014104721688, guid: 7b675c2e103e4b64db695149292de0c4,
        type: 2}
      propertyPath: height
      value: 17
      objectReference: {fileID: 0}
    - target: {fileID: 1000010236899828, guid: 7b675c2e103e4b64db695149292de0c4, type: 2}
      propertyPath: m_Name
      value: Platform (4)
      objectReference: {fileID: 0}
    m_RemovedComponents: []
  m_ParentPrefab: {fileID: 100100000, guid: 7b675c2e103e4b64db695149292de0c4, type: 2}
  m_IsPrefabParent: 0
--- !u!1001 &1709532000
Prefab:
  m_ObjectHideFlags: 0
  serializedVersion: 2
  m_Modification:
    m_TransformParent: {fileID: 0}
    m_Modifications:
    - target: {fileID: 4000010832285960, guid: 7b675c2e103e4b64db695149292de0c4, type: 2}
      propertyPath: m_LocalPosition.x
      value: -5
      objectReference: {fileID: 0}
    - target: {fileID: 4000010832285960, guid: 7b675c2e103e4b64db695149292de0c4, type: 2}
      propertyPath: m_LocalPosition.y
      value: 0
      objectReference: {fileID: 0}
    - target: {fileID: 4000010832285960, guid: 7b675c2e103e4b64db695149292de0c4, type: 2}
      propertyPath: m_LocalPosition.z
      value: 0
      objectReference: {fileID: 0}
    - target: {fileID: 4000010832285960, guid: 7b675c2e103e4b64db695149292de0c4, type: 2}
      propertyPath: m_LocalRotation.x
      value: 0
      objectReference: {fileID: 0}
    - target: {fileID: 4000010832285960, guid: 7b675c2e103e4b64db695149292de0c4, type: 2}
      propertyPath: m_LocalRotation.y
      value: 0
      objectReference: {fileID: 0}
    - target: {fileID: 4000010832285960, guid: 7b675c2e103e4b64db695149292de0c4, type: 2}
      propertyPath: m_LocalRotation.z
      value: 0
      objectReference: {fileID: 0}
    - target: {fileID: 4000010832285960, guid: 7b675c2e103e4b64db695149292de0c4, type: 2}
      propertyPath: m_LocalRotation.w
      value: 1
      objectReference: {fileID: 0}
    - target: {fileID: 4000010832285960, guid: 7b675c2e103e4b64db695149292de0c4, type: 2}
      propertyPath: m_RootOrder
      value: 3
      objectReference: {fileID: 0}
    - target: {fileID: 1000010236899828, guid: 7b675c2e103e4b64db695149292de0c4, type: 2}
      propertyPath: m_Name
      value: Platform (1)
      objectReference: {fileID: 0}
    - target: {fileID: 114000014104721688, guid: 7b675c2e103e4b64db695149292de0c4,
        type: 2}
      propertyPath: width
      value: 50
      objectReference: {fileID: 0}
    m_RemovedComponents: []
  m_ParentPrefab: {fileID: 100100000, guid: 7b675c2e103e4b64db695149292de0c4, type: 2}
  m_IsPrefabParent: 0
--- !u!1001 &1764691303
Prefab:
  m_ObjectHideFlags: 0
  serializedVersion: 2
  m_Modification:
    m_TransformParent: {fileID: 0}
    m_Modifications:
    - target: {fileID: 4000010832285960, guid: 7b675c2e103e4b64db695149292de0c4, type: 2}
      propertyPath: m_LocalPosition.x
      value: -5
      objectReference: {fileID: 0}
    - target: {fileID: 4000010832285960, guid: 7b675c2e103e4b64db695149292de0c4, type: 2}
      propertyPath: m_LocalPosition.y
      value: -8
      objectReference: {fileID: 0}
    - target: {fileID: 4000010832285960, guid: 7b675c2e103e4b64db695149292de0c4, type: 2}
      propertyPath: m_LocalPosition.z
      value: 0
      objectReference: {fileID: 0}
    - target: {fileID: 4000010832285960, guid: 7b675c2e103e4b64db695149292de0c4, type: 2}
      propertyPath: m_LocalRotation.x
      value: 0
      objectReference: {fileID: 0}
    - target: {fileID: 4000010832285960, guid: 7b675c2e103e4b64db695149292de0c4, type: 2}
      propertyPath: m_LocalRotation.y
      value: 0
      objectReference: {fileID: 0}
    - target: {fileID: 4000010832285960, guid: 7b675c2e103e4b64db695149292de0c4, type: 2}
      propertyPath: m_LocalRotation.z
      value: 0
      objectReference: {fileID: 0}
    - target: {fileID: 4000010832285960, guid: 7b675c2e103e4b64db695149292de0c4, type: 2}
      propertyPath: m_LocalRotation.w
      value: 1
      objectReference: {fileID: 0}
    - target: {fileID: 4000010832285960, guid: 7b675c2e103e4b64db695149292de0c4, type: 2}
      propertyPath: m_RootOrder
      value: 4
      objectReference: {fileID: 0}
    - target: {fileID: 114000014104721688, guid: 7b675c2e103e4b64db695149292de0c4,
        type: 2}
      propertyPath: width
      value: 1
      objectReference: {fileID: 0}
    - target: {fileID: 114000014104721688, guid: 7b675c2e103e4b64db695149292de0c4,
        type: 2}
      propertyPath: height
      value: 17
      objectReference: {fileID: 0}
    m_RemovedComponents: []
  m_ParentPrefab: {fileID: 100100000, guid: 7b675c2e103e4b64db695149292de0c4, type: 2}
  m_IsPrefabParent: 0
--- !u!1 &1809563740
GameObject:
  m_ObjectHideFlags: 0
  m_PrefabParentObject: {fileID: 0}
  m_PrefabInternal: {fileID: 0}
  serializedVersion: 4
  m_Component:
  - 4: {fileID: 1809563742}
  - 108: {fileID: 1809563741}
  - 114: {fileID: 1809563743}
  m_Layer: 0
  m_Name: Directional Light
  m_TagString: Untagged
  m_Icon: {fileID: 0}
  m_NavMeshLayer: 0
  m_StaticEditorFlags: 0
  m_IsActive: 1
--- !u!108 &1809563741
Light:
  m_ObjectHideFlags: 0
  m_PrefabParentObject: {fileID: 0}
  m_PrefabInternal: {fileID: 0}
  m_GameObject: {fileID: 1809563740}
  m_Enabled: 1
  serializedVersion: 7
  m_Type: 1
  m_Color: {r: 1, g: 0.95686275, b: 0.8392157, a: 1}
  m_Intensity: 1
  m_Range: 10
  m_SpotAngle: 30
  m_CookieSize: 10
  m_Shadows:
    m_Type: 2
    m_Resolution: -1
    m_CustomResolution: -1
    m_Strength: 1
    m_Bias: 0.05
    m_NormalBias: 0.4
    m_NearPlane: 0.2
  m_Cookie: {fileID: 0}
  m_DrawHalo: 0
  m_Flare: {fileID: 0}
  m_RenderMode: 0
  m_CullingMask:
    serializedVersion: 2
    m_Bits: 4294967295
  m_Lightmapping: 4
  m_AreaSize: {x: 1, y: 1}
  m_BounceIntensity: 1
  m_ShadowRadius: 0
  m_ShadowAngle: 0
--- !u!4 &1809563742
Transform:
  m_ObjectHideFlags: 0
  m_PrefabParentObject: {fileID: 0}
  m_PrefabInternal: {fileID: 0}
  m_GameObject: {fileID: 1809563740}
  m_LocalRotation: {x: 0.40821788, y: -0.23456968, z: 0.10938163, w: 0.8754261}
  m_LocalPosition: {x: 0, y: 3, z: 0}
  m_LocalScale: {x: 1, y: 1, z: 1}
  m_LocalEulerAnglesHint: {x: 50, y: -30, z: 0}
  m_Children: []
  m_Father: {fileID: 0}
  m_RootOrder: 7
--- !u!114 &1809563743
MonoBehaviour:
  m_ObjectHideFlags: 0
  m_PrefabParentObject: {fileID: 0}
  m_PrefabInternal: {fileID: 0}
  m_GameObject: {fileID: 1809563740}
  m_Enabled: 1
  m_EditorHideFlags: 0
  m_Script: {fileID: 11500000, guid: a61dad83a836a654eaec5baa8563906a, type: 3}
  m_Name: 
  m_EditorClassIdentifier: 
--- !u!1001 &1862843699
Prefab:
  m_ObjectHideFlags: 0
  serializedVersion: 2
  m_Modification:
    m_TransformParent: {fileID: 0}
    m_Modifications:
    - target: {fileID: 4000010832285960, guid: 7b675c2e103e4b64db695149292de0c4, type: 2}
      propertyPath: m_LocalPosition.x
      value: -5
      objectReference: {fileID: 0}
    - target: {fileID: 4000010832285960, guid: 7b675c2e103e4b64db695149292de0c4, type: 2}
      propertyPath: m_LocalPosition.y
      value: 9
      objectReference: {fileID: 0}
    - target: {fileID: 4000010832285960, guid: 7b675c2e103e4b64db695149292de0c4, type: 2}
      propertyPath: m_LocalPosition.z
      value: 0
      objectReference: {fileID: 0}
    - target: {fileID: 4000010832285960, guid: 7b675c2e103e4b64db695149292de0c4, type: 2}
      propertyPath: m_LocalRotation.x
      value: 0
      objectReference: {fileID: 0}
    - target: {fileID: 4000010832285960, guid: 7b675c2e103e4b64db695149292de0c4, type: 2}
      propertyPath: m_LocalRotation.y
      value: 0
      objectReference: {fileID: 0}
    - target: {fileID: 4000010832285960, guid: 7b675c2e103e4b64db695149292de0c4, type: 2}
      propertyPath: m_LocalRotation.z
      value: 0
      objectReference: {fileID: 0}
    - target: {fileID: 4000010832285960, guid: 7b675c2e103e4b64db695149292de0c4, type: 2}
      propertyPath: m_LocalRotation.w
      value: 1
      objectReference: {fileID: 0}
    - target: {fileID: 4000010832285960, guid: 7b675c2e103e4b64db695149292de0c4, type: 2}
      propertyPath: m_RootOrder
      value: 10
      objectReference: {fileID: 0}
    - target: {fileID: 1000010236899828, guid: 7b675c2e103e4b64db695149292de0c4, type: 2}
      propertyPath: m_Name
      value: Platform (2)
      objectReference: {fileID: 0}
    - target: {fileID: 114000014104721688, guid: 7b675c2e103e4b64db695149292de0c4,
        type: 2}
      propertyPath: width
      value: 50
      objectReference: {fileID: 0}
    m_RemovedComponents: []
  m_ParentPrefab: {fileID: 100100000, guid: 7b675c2e103e4b64db695149292de0c4, type: 2}
  m_IsPrefabParent: 0
--- !u!1001 &1899900931
Prefab:
  m_ObjectHideFlags: 0
  serializedVersion: 2
  m_Modification:
    m_TransformParent: {fileID: 0}
    m_Modifications:
    - target: {fileID: 4000010832285960, guid: 7b675c2e103e4b64db695149292de0c4, type: 2}
      propertyPath: m_LocalPosition.x
      value: 25
      objectReference: {fileID: 0}
    - target: {fileID: 4000010832285960, guid: 7b675c2e103e4b64db695149292de0c4, type: 2}
      propertyPath: m_LocalPosition.y
      value: -15
      objectReference: {fileID: 0}
    - target: {fileID: 4000010832285960, guid: 7b675c2e103e4b64db695149292de0c4, type: 2}
      propertyPath: m_LocalPosition.z
      value: 0
      objectReference: {fileID: 0}
    - target: {fileID: 4000010832285960, guid: 7b675c2e103e4b64db695149292de0c4, type: 2}
      propertyPath: m_LocalRotation.x
      value: 0
      objectReference: {fileID: 0}
    - target: {fileID: 4000010832285960, guid: 7b675c2e103e4b64db695149292de0c4, type: 2}
      propertyPath: m_LocalRotation.y
      value: 0
      objectReference: {fileID: 0}
    - target: {fileID: 4000010832285960, guid: 7b675c2e103e4b64db695149292de0c4, type: 2}
      propertyPath: m_LocalRotation.z
      value: 0
      objectReference: {fileID: 0}
    - target: {fileID: 4000010832285960, guid: 7b675c2e103e4b64db695149292de0c4, type: 2}
      propertyPath: m_LocalRotation.w
      value: 1
      objectReference: {fileID: 0}
    - target: {fileID: 4000010832285960, guid: 7b675c2e103e4b64db695149292de0c4, type: 2}
      propertyPath: m_RootOrder
      value: 18
      objectReference: {fileID: 0}
    - target: {fileID: 114000014104721688, guid: 7b675c2e103e4b64db695149292de0c4,
        type: 2}
      propertyPath: width
      value: 1
      objectReference: {fileID: 0}
    - target: {fileID: 114000014104721688, guid: 7b675c2e103e4b64db695149292de0c4,
        type: 2}
      propertyPath: height
      value: 7
      objectReference: {fileID: 0}
    - target: {fileID: 1000010236899828, guid: 7b675c2e103e4b64db695149292de0c4, type: 2}
      propertyPath: m_Name
      value: Platform (8)
      objectReference: {fileID: 0}
    m_RemovedComponents: []
  m_ParentPrefab: {fileID: 100100000, guid: 7b675c2e103e4b64db695149292de0c4, type: 2}
  m_IsPrefabParent: 0
--- !u!1001 &1930561600
Prefab:
  m_ObjectHideFlags: 0
  serializedVersion: 2
  m_Modification:
    m_TransformParent: {fileID: 0}
    m_Modifications:
    - target: {fileID: 4000010832285960, guid: 7b675c2e103e4b64db695149292de0c4, type: 2}
      propertyPath: m_LocalPosition.x
      value: -5
      objectReference: {fileID: 0}
    - target: {fileID: 4000010832285960, guid: 7b675c2e103e4b64db695149292de0c4, type: 2}
      propertyPath: m_LocalPosition.y
      value: -16
      objectReference: {fileID: 0}
    - target: {fileID: 4000010832285960, guid: 7b675c2e103e4b64db695149292de0c4, type: 2}
      propertyPath: m_LocalPosition.z
      value: 0
      objectReference: {fileID: 0}
    - target: {fileID: 4000010832285960, guid: 7b675c2e103e4b64db695149292de0c4, type: 2}
      propertyPath: m_LocalRotation.x
      value: 0
      objectReference: {fileID: 0}
    - target: {fileID: 4000010832285960, guid: 7b675c2e103e4b64db695149292de0c4, type: 2}
      propertyPath: m_LocalRotation.y
      value: 0
      objectReference: {fileID: 0}
    - target: {fileID: 4000010832285960, guid: 7b675c2e103e4b64db695149292de0c4, type: 2}
      propertyPath: m_LocalRotation.z
      value: 0
      objectReference: {fileID: 0}
    - target: {fileID: 4000010832285960, guid: 7b675c2e103e4b64db695149292de0c4, type: 2}
      propertyPath: m_LocalRotation.w
      value: 1
      objectReference: {fileID: 0}
    - target: {fileID: 4000010832285960, guid: 7b675c2e103e4b64db695149292de0c4, type: 2}
      propertyPath: m_RootOrder
      value: 16
      objectReference: {fileID: 0}
    - target: {fileID: 1000010236899828, guid: 7b675c2e103e4b64db695149292de0c4, type: 2}
      propertyPath: m_Name
      value: Platform (11)
      objectReference: {fileID: 0}
    - target: {fileID: 114000014104721688, guid: 7b675c2e103e4b64db695149292de0c4,
        type: 2}
      propertyPath: width
      value: 31
      objectReference: {fileID: 0}
    - target: {fileID: 114000014104721688, guid: 7b675c2e103e4b64db695149292de0c4,
        type: 2}
      propertyPath: height
      value: 2
      objectReference: {fileID: 0}
    m_RemovedComponents: []
  m_ParentPrefab: {fileID: 100100000, guid: 7b675c2e103e4b64db695149292de0c4, type: 2}
  m_IsPrefabParent: 0
--- !u!1 &2025516394
GameObject:
  m_ObjectHideFlags: 0
  m_PrefabParentObject: {fileID: 0}
  m_PrefabInternal: {fileID: 0}
  serializedVersion: 4
  m_Component:
  - 4: {fileID: 2025516396}
  - 114: {fileID: 2025516395}
  m_Layer: 0
  m_Name: InControl
  m_TagString: Untagged
  m_Icon: {fileID: 0}
  m_NavMeshLayer: 0
  m_StaticEditorFlags: 0
  m_IsActive: 1
--- !u!114 &2025516395
MonoBehaviour:
  m_ObjectHideFlags: 0
  m_PrefabParentObject: {fileID: 0}
  m_PrefabInternal: {fileID: 0}
  m_GameObject: {fileID: 2025516394}
  m_Enabled: 1
  m_EditorHideFlags: 0
  m_Script: {fileID: 11500000, guid: c7b5e8de77c5b4597ae7fbfb49a95e22, type: 3}
  m_Name: 
  m_EditorClassIdentifier: 
  logDebugInfo: 0
  invertYAxis: 0
  enableXInput: 0
  useFixedUpdate: 0
  dontDestroyOnLoad: 0
  customProfiles: []
--- !u!4 &2025516396
Transform:
  m_ObjectHideFlags: 0
  m_PrefabParentObject: {fileID: 0}
  m_PrefabInternal: {fileID: 0}
  m_GameObject: {fileID: 2025516394}
  m_LocalRotation: {x: 0, y: 0, z: 0, w: 1}
  m_LocalPosition: {x: 0, y: 0, z: 0}
  m_LocalScale: {x: 1, y: 1, z: 1}
  m_LocalEulerAnglesHint: {x: 0, y: 0, z: 0}
  m_Children: []
  m_Father: {fileID: 0}
  m_RootOrder: 9
