%YAML 1.1
%TAG !u! tag:unity3d.com,2011:
--- !u!29 &1
SceneSettings:
  m_ObjectHideFlags: 0
  m_PVSData: 
  m_PVSObjectsArray: []
  m_PVSPortalsArray: []
  m_OcclusionBakeSettings:
    smallestOccluder: 5
    smallestHole: 0.25
    backfaceThreshold: 100
--- !u!104 &2
RenderSettings:
  m_ObjectHideFlags: 0
  serializedVersion: 7
  m_Fog: 0
  m_FogColor: {r: 0.5, g: 0.5, b: 0.5, a: 1}
  m_FogMode: 3
  m_FogDensity: 0.01
  m_LinearFogStart: 0
  m_LinearFogEnd: 300
  m_AmbientSkyColor: {r: 0.212, g: 0.227, b: 0.259, a: 1}
  m_AmbientEquatorColor: {r: 0.114, g: 0.125, b: 0.133, a: 1}
  m_AmbientGroundColor: {r: 0.047, g: 0.043, b: 0.035, a: 1}
  m_AmbientIntensity: 1
  m_AmbientMode: 0
  m_SkyboxMaterial: {fileID: 10304, guid: 0000000000000000f000000000000000, type: 0}
  m_HaloStrength: 0.5
  m_FlareStrength: 1
  m_FlareFadeSpeed: 3
  m_HaloTexture: {fileID: 0}
  m_SpotCookie: {fileID: 10001, guid: 0000000000000000e000000000000000, type: 0}
  m_DefaultReflectionMode: 0
  m_DefaultReflectionResolution: 128
  m_ReflectionBounces: 1
  m_ReflectionIntensity: 1
  m_CustomReflection: {fileID: 0}
  m_Sun: {fileID: 0}
  m_IndirectSpecularColor: {r: 0.44692534, g: 0.49678725, b: 0.5750856, a: 1}
--- !u!157 &3
LightmapSettings:
  m_ObjectHideFlags: 0
  serializedVersion: 7
  m_GIWorkflowMode: 0
  m_GISettings:
    serializedVersion: 2
    m_BounceScale: 1
    m_IndirectOutputScale: 1
    m_AlbedoBoost: 1
    m_TemporalCoherenceThreshold: 1
    m_EnvironmentLightingMode: 0
    m_EnableBakedLightmaps: 1
    m_EnableRealtimeLightmaps: 1
  m_LightmapEditorSettings:
    serializedVersion: 4
    m_Resolution: 2
    m_BakeResolution: 40
    m_TextureWidth: 1024
    m_TextureHeight: 1024
    m_AO: 0
    m_AOMaxDistance: 1
    m_CompAOExponent: 1
    m_CompAOExponentDirect: 0
    m_Padding: 2
    m_LightmapParameters: {fileID: 0}
    m_LightmapsBakeMode: 1
    m_TextureCompression: 1
    m_DirectLightInLightProbes: 1
    m_FinalGather: 0
    m_FinalGatherFiltering: 1
    m_FinalGatherRayCount: 256
    m_ReflectionCompression: 2
  m_LightingDataAsset: {fileID: 0}
  m_RuntimeCPUUsage: 25
--- !u!196 &4
NavMeshSettings:
  serializedVersion: 2
  m_ObjectHideFlags: 0
  m_BuildSettings:
    serializedVersion: 2
    agentRadius: 0.5
    agentHeight: 2
    agentSlope: 45
    agentClimb: 0.4
    ledgeDropHeight: 0
    maxJumpAcrossDistance: 0
    accuratePlacement: 0
    minRegionArea: 2
    cellSize: 0.16666667
    manualCellSize: 0
  m_NavMeshData: {fileID: 0}
--- !u!1001 &111881693
Prefab:
  m_ObjectHideFlags: 0
  serializedVersion: 2
  m_Modification:
    m_TransformParent: {fileID: 0}
    m_Modifications:
    - target: {fileID: 4000010308123140, guid: ef0cd593f2e72c4439a7919812455afc, type: 2}
      propertyPath: m_LocalPosition.x
      value: -16.55
      objectReference: {fileID: 0}
    - target: {fileID: 4000010308123140, guid: ef0cd593f2e72c4439a7919812455afc, type: 2}
      propertyPath: m_LocalPosition.y
      value: -2
      objectReference: {fileID: 0}
    - target: {fileID: 4000010308123140, guid: ef0cd593f2e72c4439a7919812455afc, type: 2}
      propertyPath: m_LocalPosition.z
      value: 0
      objectReference: {fileID: 0}
    - target: {fileID: 4000010308123140, guid: ef0cd593f2e72c4439a7919812455afc, type: 2}
      propertyPath: m_LocalRotation.x
      value: 0
      objectReference: {fileID: 0}
    - target: {fileID: 4000010308123140, guid: ef0cd593f2e72c4439a7919812455afc, type: 2}
      propertyPath: m_LocalRotation.y
      value: 0
      objectReference: {fileID: 0}
    - target: {fileID: 4000010308123140, guid: ef0cd593f2e72c4439a7919812455afc, type: 2}
      propertyPath: m_LocalRotation.z
      value: 0
      objectReference: {fileID: 0}
    - target: {fileID: 4000010308123140, guid: ef0cd593f2e72c4439a7919812455afc, type: 2}
      propertyPath: m_LocalRotation.w
      value: 1
      objectReference: {fileID: 0}
    - target: {fileID: 4000010308123140, guid: ef0cd593f2e72c4439a7919812455afc, type: 2}
      propertyPath: m_RootOrder
      value: 30
      objectReference: {fileID: 0}
    - target: {fileID: 1000012314839644, guid: ef0cd593f2e72c4439a7919812455afc, type: 2}
      propertyPath: m_Name
      value: Bricks (20)
      objectReference: {fileID: 0}
    m_RemovedComponents: []
  m_ParentPrefab: {fileID: 100100000, guid: ef0cd593f2e72c4439a7919812455afc, type: 2}
  m_IsPrefabParent: 0
--- !u!1001 &134575318
Prefab:
  m_ObjectHideFlags: 0
  serializedVersion: 2
  m_Modification:
    m_TransformParent: {fileID: 0}
    m_Modifications:
    - target: {fileID: 4000010308123140, guid: ef0cd593f2e72c4439a7919812455afc, type: 2}
      propertyPath: m_LocalPosition.x
      value: 0.99
      objectReference: {fileID: 0}
    - target: {fileID: 4000010308123140, guid: ef0cd593f2e72c4439a7919812455afc, type: 2}
      propertyPath: m_LocalPosition.y
      value: -2
      objectReference: {fileID: 0}
    - target: {fileID: 4000010308123140, guid: ef0cd593f2e72c4439a7919812455afc, type: 2}
      propertyPath: m_LocalPosition.z
      value: 0
      objectReference: {fileID: 0}
    - target: {fileID: 4000010308123140, guid: ef0cd593f2e72c4439a7919812455afc, type: 2}
      propertyPath: m_LocalRotation.x
      value: 0
      objectReference: {fileID: 0}
    - target: {fileID: 4000010308123140, guid: ef0cd593f2e72c4439a7919812455afc, type: 2}
      propertyPath: m_LocalRotation.y
      value: 0
      objectReference: {fileID: 0}
    - target: {fileID: 4000010308123140, guid: ef0cd593f2e72c4439a7919812455afc, type: 2}
      propertyPath: m_LocalRotation.z
      value: 0.2588191
      objectReference: {fileID: 0}
    - target: {fileID: 4000010308123140, guid: ef0cd593f2e72c4439a7919812455afc, type: 2}
      propertyPath: m_LocalRotation.w
      value: 0.9659258
      objectReference: {fileID: 0}
    - target: {fileID: 4000010308123140, guid: ef0cd593f2e72c4439a7919812455afc, type: 2}
      propertyPath: m_RootOrder
      value: 9
      objectReference: {fileID: 0}
    - target: {fileID: 1000012314839644, guid: ef0cd593f2e72c4439a7919812455afc, type: 2}
      propertyPath: m_Name
      value: Bricks (3)
      objectReference: {fileID: 0}
    - target: {fileID: 4000010308123140, guid: ef0cd593f2e72c4439a7919812455afc, type: 2}
      propertyPath: m_LocalScale.x
      value: 10
      objectReference: {fileID: 0}
    - target: {fileID: 4000010308123140, guid: ef0cd593f2e72c4439a7919812455afc, type: 2}
      propertyPath: m_LocalEulerAnglesHint.z
      value: 30
      objectReference: {fileID: 0}
    m_RemovedComponents: []
  m_ParentPrefab: {fileID: 100100000, guid: ef0cd593f2e72c4439a7919812455afc, type: 2}
  m_IsPrefabParent: 0
--- !u!1001 &201458671
Prefab:
  m_ObjectHideFlags: 0
  serializedVersion: 2
  m_Modification:
    m_TransformParent: {fileID: 0}
    m_Modifications:
    - target: {fileID: 4000010308123140, guid: ef0cd593f2e72c4439a7919812455afc, type: 2}
      propertyPath: m_LocalPosition.x
      value: -5.7
      objectReference: {fileID: 0}
    - target: {fileID: 4000010308123140, guid: ef0cd593f2e72c4439a7919812455afc, type: 2}
      propertyPath: m_LocalPosition.y
      value: -2
      objectReference: {fileID: 0}
    - target: {fileID: 4000010308123140, guid: ef0cd593f2e72c4439a7919812455afc, type: 2}
      propertyPath: m_LocalPosition.z
      value: 0
      objectReference: {fileID: 0}
    - target: {fileID: 4000010308123140, guid: ef0cd593f2e72c4439a7919812455afc, type: 2}
      propertyPath: m_LocalRotation.x
      value: 0
      objectReference: {fileID: 0}
    - target: {fileID: 4000010308123140, guid: ef0cd593f2e72c4439a7919812455afc, type: 2}
      propertyPath: m_LocalRotation.y
      value: 0
      objectReference: {fileID: 0}
    - target: {fileID: 4000010308123140, guid: ef0cd593f2e72c4439a7919812455afc, type: 2}
      propertyPath: m_LocalRotation.z
      value: 0
      objectReference: {fileID: 0}
    - target: {fileID: 4000010308123140, guid: ef0cd593f2e72c4439a7919812455afc, type: 2}
      propertyPath: m_LocalRotation.w
      value: 1
      objectReference: {fileID: 0}
    - target: {fileID: 4000010308123140, guid: ef0cd593f2e72c4439a7919812455afc, type: 2}
      propertyPath: m_RootOrder
      value: 11
      objectReference: {fileID: 0}
    - target: {fileID: 1000012314839644, guid: ef0cd593f2e72c4439a7919812455afc, type: 2}
      propertyPath: m_Name
      value: Bricks (5)
      objectReference: {fileID: 0}
    m_RemovedComponents: []
  m_ParentPrefab: {fileID: 100100000, guid: ef0cd593f2e72c4439a7919812455afc, type: 2}
  m_IsPrefabParent: 0
--- !u!1001 &205311374
Prefab:
  m_ObjectHideFlags: 0
  serializedVersion: 2
  m_Modification:
    m_TransformParent: {fileID: 0}
    m_Modifications:
    - target: {fileID: 4000010308123140, guid: ef0cd593f2e72c4439a7919812455afc, type: 2}
      propertyPath: m_LocalPosition.x
      value: -24.25
      objectReference: {fileID: 0}
    - target: {fileID: 4000010308123140, guid: ef0cd593f2e72c4439a7919812455afc, type: 2}
      propertyPath: m_LocalPosition.y
      value: -2
      objectReference: {fileID: 0}
    - target: {fileID: 4000010308123140, guid: ef0cd593f2e72c4439a7919812455afc, type: 2}
      propertyPath: m_LocalPosition.z
      value: 0
      objectReference: {fileID: 0}
    - target: {fileID: 4000010308123140, guid: ef0cd593f2e72c4439a7919812455afc, type: 2}
      propertyPath: m_LocalRotation.x
      value: 0
      objectReference: {fileID: 0}
    - target: {fileID: 4000010308123140, guid: ef0cd593f2e72c4439a7919812455afc, type: 2}
      propertyPath: m_LocalRotation.y
      value: 0
      objectReference: {fileID: 0}
    - target: {fileID: 4000010308123140, guid: ef0cd593f2e72c4439a7919812455afc, type: 2}
      propertyPath: m_LocalRotation.z
      value: 0
      objectReference: {fileID: 0}
    - target: {fileID: 4000010308123140, guid: ef0cd593f2e72c4439a7919812455afc, type: 2}
      propertyPath: m_LocalRotation.w
      value: 1
      objectReference: {fileID: 0}
    - target: {fileID: 4000010308123140, guid: ef0cd593f2e72c4439a7919812455afc, type: 2}
      propertyPath: m_RootOrder
      value: 33
      objectReference: {fileID: 0}
    - target: {fileID: 1000012314839644, guid: ef0cd593f2e72c4439a7919812455afc, type: 2}
      propertyPath: m_Name
      value: Bricks (23)
      objectReference: {fileID: 0}
    m_RemovedComponents: []
  m_ParentPrefab: {fileID: 100100000, guid: ef0cd593f2e72c4439a7919812455afc, type: 2}
  m_IsPrefabParent: 0
--- !u!1001 &242977454
Prefab:
  m_ObjectHideFlags: 0
  serializedVersion: 2
  m_Modification:
    m_TransformParent: {fileID: 0}
    m_Modifications:
    - target: {fileID: 4000010308123140, guid: ef0cd593f2e72c4439a7919812455afc, type: 2}
      propertyPath: m_LocalPosition.x
      value: -26.25
      objectReference: {fileID: 0}
    - target: {fileID: 4000010308123140, guid: ef0cd593f2e72c4439a7919812455afc, type: 2}
      propertyPath: m_LocalPosition.y
      value: -2
      objectReference: {fileID: 0}
    - target: {fileID: 4000010308123140, guid: ef0cd593f2e72c4439a7919812455afc, type: 2}
      propertyPath: m_LocalPosition.z
      value: 0
      objectReference: {fileID: 0}
    - target: {fileID: 4000010308123140, guid: ef0cd593f2e72c4439a7919812455afc, type: 2}
      propertyPath: m_LocalRotation.x
      value: 0
      objectReference: {fileID: 0}
    - target: {fileID: 4000010308123140, guid: ef0cd593f2e72c4439a7919812455afc, type: 2}
      propertyPath: m_LocalRotation.y
      value: 0
      objectReference: {fileID: 0}
    - target: {fileID: 4000010308123140, guid: ef0cd593f2e72c4439a7919812455afc, type: 2}
      propertyPath: m_LocalRotation.z
      value: 0
      objectReference: {fileID: 0}
    - target: {fileID: 4000010308123140, guid: ef0cd593f2e72c4439a7919812455afc, type: 2}
      propertyPath: m_LocalRotation.w
      value: 1
      objectReference: {fileID: 0}
    - target: {fileID: 4000010308123140, guid: ef0cd593f2e72c4439a7919812455afc, type: 2}
      propertyPath: m_RootOrder
      value: 26
      objectReference: {fileID: 0}
    - target: {fileID: 1000012314839644, guid: ef0cd593f2e72c4439a7919812455afc, type: 2}
      propertyPath: m_Name
      value: Bricks (18)
      objectReference: {fileID: 0}
    m_RemovedComponents: []
  m_ParentPrefab: {fileID: 100100000, guid: ef0cd593f2e72c4439a7919812455afc, type: 2}
  m_IsPrefabParent: 0
--- !u!1001 &297443626
Prefab:
  m_ObjectHideFlags: 0
  serializedVersion: 2
  m_Modification:
    m_TransformParent: {fileID: 0}
    m_Modifications:
    - target: {fileID: 4000010308123140, guid: ef0cd593f2e72c4439a7919812455afc, type: 2}
      propertyPath: m_LocalPosition.x
      value: 3
      objectReference: {fileID: 0}
    - target: {fileID: 4000010308123140, guid: ef0cd593f2e72c4439a7919812455afc, type: 2}
      propertyPath: m_LocalPosition.y
      value: -2
      objectReference: {fileID: 0}
    - target: {fileID: 4000010308123140, guid: ef0cd593f2e72c4439a7919812455afc, type: 2}
      propertyPath: m_LocalPosition.z
      value: 0
      objectReference: {fileID: 0}
    - target: {fileID: 4000010308123140, guid: ef0cd593f2e72c4439a7919812455afc, type: 2}
      propertyPath: m_LocalRotation.x
      value: 0
      objectReference: {fileID: 0}
    - target: {fileID: 4000010308123140, guid: ef0cd593f2e72c4439a7919812455afc, type: 2}
      propertyPath: m_LocalRotation.y
      value: 0
      objectReference: {fileID: 0}
    - target: {fileID: 4000010308123140, guid: ef0cd593f2e72c4439a7919812455afc, type: 2}
      propertyPath: m_LocalRotation.z
      value: 0
      objectReference: {fileID: 0}
    - target: {fileID: 4000010308123140, guid: ef0cd593f2e72c4439a7919812455afc, type: 2}
      propertyPath: m_LocalRotation.w
      value: 1
      objectReference: {fileID: 0}
    - target: {fileID: 4000010308123140, guid: ef0cd593f2e72c4439a7919812455afc, type: 2}
      propertyPath: m_RootOrder
      value: 20
      objectReference: {fileID: 0}
    - target: {fileID: 1000012314839644, guid: ef0cd593f2e72c4439a7919812455afc, type: 2}
      propertyPath: m_Name
      value: Bricks (12)
      objectReference: {fileID: 0}
    m_RemovedComponents: []
  m_ParentPrefab: {fileID: 100100000, guid: ef0cd593f2e72c4439a7919812455afc, type: 2}
  m_IsPrefabParent: 0
--- !u!1001 &316543014
Prefab:
  m_ObjectHideFlags: 0
  serializedVersion: 2
  m_Modification:
    m_TransformParent: {fileID: 1774405105}
    m_Modifications:
    - target: {fileID: 4000014088236778, guid: ea2462592c7a51041bd6f16a2ecd25bf, type: 2}
      propertyPath: m_LocalPosition.x
      value: -14.06
      objectReference: {fileID: 0}
    - target: {fileID: 4000014088236778, guid: ea2462592c7a51041bd6f16a2ecd25bf, type: 2}
      propertyPath: m_LocalPosition.y
      value: 11.13
      objectReference: {fileID: 0}
    - target: {fileID: 4000014088236778, guid: ea2462592c7a51041bd6f16a2ecd25bf, type: 2}
      propertyPath: m_LocalPosition.z
      value: 1
      objectReference: {fileID: 0}
    - target: {fileID: 4000014088236778, guid: ea2462592c7a51041bd6f16a2ecd25bf, type: 2}
      propertyPath: m_LocalRotation.x
      value: 0
      objectReference: {fileID: 0}
    - target: {fileID: 4000014088236778, guid: ea2462592c7a51041bd6f16a2ecd25bf, type: 2}
      propertyPath: m_LocalRotation.y
      value: 0
      objectReference: {fileID: 0}
    - target: {fileID: 4000014088236778, guid: ea2462592c7a51041bd6f16a2ecd25bf, type: 2}
      propertyPath: m_LocalRotation.z
      value: 0
      objectReference: {fileID: 0}
    - target: {fileID: 4000014088236778, guid: ea2462592c7a51041bd6f16a2ecd25bf, type: 2}
      propertyPath: m_LocalRotation.w
      value: 1
      objectReference: {fileID: 0}
    - target: {fileID: 4000014088236778, guid: ea2462592c7a51041bd6f16a2ecd25bf, type: 2}
      propertyPath: m_RootOrder
      value: 1
      objectReference: {fileID: 0}
    m_RemovedComponents: []
  m_ParentPrefab: {fileID: 100100000, guid: ea2462592c7a51041bd6f16a2ecd25bf, type: 2}
  m_IsPrefabParent: 0
--- !u!4 &316543015 stripped
Transform:
  m_PrefabParentObject: {fileID: 4000014088236778, guid: ea2462592c7a51041bd6f16a2ecd25bf,
    type: 2}
  m_PrefabInternal: {fileID: 316543014}
--- !u!1001 &325374827
Prefab:
  m_ObjectHideFlags: 0
  serializedVersion: 2
  m_Modification:
    m_TransformParent: {fileID: 0}
    m_Modifications:
    - target: {fileID: 4000010308123140, guid: ef0cd593f2e72c4439a7919812455afc, type: 2}
      propertyPath: m_LocalPosition.x
      value: -21.25
      objectReference: {fileID: 0}
    - target: {fileID: 4000010308123140, guid: ef0cd593f2e72c4439a7919812455afc, type: 2}
      propertyPath: m_LocalPosition.y
      value: -2
      objectReference: {fileID: 0}
    - target: {fileID: 4000010308123140, guid: ef0cd593f2e72c4439a7919812455afc, type: 2}
      propertyPath: m_LocalPosition.z
      value: 0
      objectReference: {fileID: 0}
    - target: {fileID: 4000010308123140, guid: ef0cd593f2e72c4439a7919812455afc, type: 2}
      propertyPath: m_LocalRotation.x
      value: 0
      objectReference: {fileID: 0}
    - target: {fileID: 4000010308123140, guid: ef0cd593f2e72c4439a7919812455afc, type: 2}
      propertyPath: m_LocalRotation.y
      value: 0
      objectReference: {fileID: 0}
    - target: {fileID: 4000010308123140, guid: ef0cd593f2e72c4439a7919812455afc, type: 2}
      propertyPath: m_LocalRotation.z
      value: 0
      objectReference: {fileID: 0}
    - target: {fileID: 4000010308123140, guid: ef0cd593f2e72c4439a7919812455afc, type: 2}
      propertyPath: m_LocalRotation.w
      value: 1
      objectReference: {fileID: 0}
    - target: {fileID: 4000010308123140, guid: ef0cd593f2e72c4439a7919812455afc, type: 2}
      propertyPath: m_RootOrder
      value: 38
      objectReference: {fileID: 0}
    - target: {fileID: 1000012314839644, guid: ef0cd593f2e72c4439a7919812455afc, type: 2}
      propertyPath: m_Name
      value: Bricks (28)
      objectReference: {fileID: 0}
    m_RemovedComponents: []
  m_ParentPrefab: {fileID: 100100000, guid: ef0cd593f2e72c4439a7919812455afc, type: 2}
  m_IsPrefabParent: 0
--- !u!1001 &341665477
Prefab:
  m_ObjectHideFlags: 0
  serializedVersion: 2
  m_Modification:
    m_TransformParent: {fileID: 0}
    m_Modifications:
    - target: {fileID: 4000010308123140, guid: ef0cd593f2e72c4439a7919812455afc, type: 2}
      propertyPath: m_LocalPosition.x
      value: -3.7
      objectReference: {fileID: 0}
    - target: {fileID: 4000010308123140, guid: ef0cd593f2e72c4439a7919812455afc, type: 2}
      propertyPath: m_LocalPosition.y
      value: -2
      objectReference: {fileID: 0}
    - target: {fileID: 4000010308123140, guid: ef0cd593f2e72c4439a7919812455afc, type: 2}
      propertyPath: m_LocalPosition.z
      value: 0
      objectReference: {fileID: 0}
    - target: {fileID: 4000010308123140, guid: ef0cd593f2e72c4439a7919812455afc, type: 2}
      propertyPath: m_LocalRotation.x
      value: 0
      objectReference: {fileID: 0}
    - target: {fileID: 4000010308123140, guid: ef0cd593f2e72c4439a7919812455afc, type: 2}
      propertyPath: m_LocalRotation.y
      value: 0
      objectReference: {fileID: 0}
    - target: {fileID: 4000010308123140, guid: ef0cd593f2e72c4439a7919812455afc, type: 2}
      propertyPath: m_LocalRotation.z
      value: 0
      objectReference: {fileID: 0}
    - target: {fileID: 4000010308123140, guid: ef0cd593f2e72c4439a7919812455afc, type: 2}
      propertyPath: m_LocalRotation.w
      value: 1
      objectReference: {fileID: 0}
    - target: {fileID: 4000010308123140, guid: ef0cd593f2e72c4439a7919812455afc, type: 2}
      propertyPath: m_RootOrder
      value: 2
      objectReference: {fileID: 0}
    m_RemovedComponents: []
  m_ParentPrefab: {fileID: 100100000, guid: ef0cd593f2e72c4439a7919812455afc, type: 2}
  m_IsPrefabParent: 0
--- !u!1001 &429347275
Prefab:
  m_ObjectHideFlags: 0
  serializedVersion: 2
  m_Modification:
    m_TransformParent: {fileID: 0}
    m_Modifications:
    - target: {fileID: 4000010308123140, guid: ef0cd593f2e72c4439a7919812455afc, type: 2}
      propertyPath: m_LocalPosition.x
      value: -6.7
      objectReference: {fileID: 0}
    - target: {fileID: 4000010308123140, guid: ef0cd593f2e72c4439a7919812455afc, type: 2}
      propertyPath: m_LocalPosition.y
      value: -2
      objectReference: {fileID: 0}
    - target: {fileID: 4000010308123140, guid: ef0cd593f2e72c4439a7919812455afc, type: 2}
      propertyPath: m_LocalPosition.z
      value: 0
      objectReference: {fileID: 0}
    - target: {fileID: 4000010308123140, guid: ef0cd593f2e72c4439a7919812455afc, type: 2}
      propertyPath: m_LocalRotation.x
      value: 0
      objectReference: {fileID: 0}
    - target: {fileID: 4000010308123140, guid: ef0cd593f2e72c4439a7919812455afc, type: 2}
      propertyPath: m_LocalRotation.y
      value: 0
      objectReference: {fileID: 0}
    - target: {fileID: 4000010308123140, guid: ef0cd593f2e72c4439a7919812455afc, type: 2}
      propertyPath: m_LocalRotation.z
      value: 0
      objectReference: {fileID: 0}
    - target: {fileID: 4000010308123140, guid: ef0cd593f2e72c4439a7919812455afc, type: 2}
      propertyPath: m_LocalRotation.w
      value: 1
      objectReference: {fileID: 0}
    - target: {fileID: 4000010308123140, guid: ef0cd593f2e72c4439a7919812455afc, type: 2}
      propertyPath: m_RootOrder
      value: 12
      objectReference: {fileID: 0}
    - target: {fileID: 1000012314839644, guid: ef0cd593f2e72c4439a7919812455afc, type: 2}
      propertyPath: m_Name
      value: Bricks (6)
      objectReference: {fileID: 0}
    m_RemovedComponents: []
  m_ParentPrefab: {fileID: 100100000, guid: ef0cd593f2e72c4439a7919812455afc, type: 2}
  m_IsPrefabParent: 0
--- !u!1001 &448216803
Prefab:
  m_ObjectHideFlags: 0
  serializedVersion: 2
  m_Modification:
    m_TransformParent: {fileID: 0}
    m_Modifications:
    - target: {fileID: 4000010308123140, guid: ef0cd593f2e72c4439a7919812455afc, type: 2}
      propertyPath: m_LocalPosition.x
      value: -4.7
      objectReference: {fileID: 0}
    - target: {fileID: 4000010308123140, guid: ef0cd593f2e72c4439a7919812455afc, type: 2}
      propertyPath: m_LocalPosition.y
      value: -2
      objectReference: {fileID: 0}
    - target: {fileID: 4000010308123140, guid: ef0cd593f2e72c4439a7919812455afc, type: 2}
      propertyPath: m_LocalPosition.z
      value: 0
      objectReference: {fileID: 0}
    - target: {fileID: 4000010308123140, guid: ef0cd593f2e72c4439a7919812455afc, type: 2}
      propertyPath: m_LocalRotation.x
      value: 0
      objectReference: {fileID: 0}
    - target: {fileID: 4000010308123140, guid: ef0cd593f2e72c4439a7919812455afc, type: 2}
      propertyPath: m_LocalRotation.y
      value: 0
      objectReference: {fileID: 0}
    - target: {fileID: 4000010308123140, guid: ef0cd593f2e72c4439a7919812455afc, type: 2}
      propertyPath: m_LocalRotation.z
      value: 0
      objectReference: {fileID: 0}
    - target: {fileID: 4000010308123140, guid: ef0cd593f2e72c4439a7919812455afc, type: 2}
      propertyPath: m_LocalRotation.w
      value: 1
      objectReference: {fileID: 0}
    - target: {fileID: 4000010308123140, guid: ef0cd593f2e72c4439a7919812455afc, type: 2}
      propertyPath: m_RootOrder
      value: 10
      objectReference: {fileID: 0}
    - target: {fileID: 1000012314839644, guid: ef0cd593f2e72c4439a7919812455afc, type: 2}
      propertyPath: m_Name
      value: Bricks (4)
      objectReference: {fileID: 0}
    m_RemovedComponents: []
  m_ParentPrefab: {fileID: 100100000, guid: ef0cd593f2e72c4439a7919812455afc, type: 2}
  m_IsPrefabParent: 0
--- !u!1001 &497455523
Prefab:
  m_ObjectHideFlags: 0
  serializedVersion: 2
  m_Modification:
    m_TransformParent: {fileID: 0}
    m_Modifications:
    - target: {fileID: 4000010308123140, guid: ef0cd593f2e72c4439a7919812455afc, type: 2}
      propertyPath: m_LocalPosition.x
      value: -13.56
      objectReference: {fileID: 0}
    - target: {fileID: 4000010308123140, guid: ef0cd593f2e72c4439a7919812455afc, type: 2}
      propertyPath: m_LocalPosition.y
      value: -2
      objectReference: {fileID: 0}
    - target: {fileID: 4000010308123140, guid: ef0cd593f2e72c4439a7919812455afc, type: 2}
      propertyPath: m_LocalPosition.z
      value: 0
      objectReference: {fileID: 0}
    - target: {fileID: 4000010308123140, guid: ef0cd593f2e72c4439a7919812455afc, type: 2}
      propertyPath: m_LocalRotation.x
      value: 0
      objectReference: {fileID: 0}
    - target: {fileID: 4000010308123140, guid: ef0cd593f2e72c4439a7919812455afc, type: 2}
      propertyPath: m_LocalRotation.y
      value: 0
      objectReference: {fileID: 0}
    - target: {fileID: 4000010308123140, guid: ef0cd593f2e72c4439a7919812455afc, type: 2}
      propertyPath: m_LocalRotation.z
      value: 0
      objectReference: {fileID: 0}
    - target: {fileID: 4000010308123140, guid: ef0cd593f2e72c4439a7919812455afc, type: 2}
      propertyPath: m_LocalRotation.w
      value: 1
      objectReference: {fileID: 0}
    - target: {fileID: 4000010308123140, guid: ef0cd593f2e72c4439a7919812455afc, type: 2}
      propertyPath: m_RootOrder
      value: 24
      objectReference: {fileID: 0}
    - target: {fileID: 1000012314839644, guid: ef0cd593f2e72c4439a7919812455afc, type: 2}
      propertyPath: m_Name
      value: Bricks (16)
      objectReference: {fileID: 0}
    m_RemovedComponents: []
  m_ParentPrefab: {fileID: 100100000, guid: ef0cd593f2e72c4439a7919812455afc, type: 2}
  m_IsPrefabParent: 0
--- !u!1001 &555726878
Prefab:
  m_ObjectHideFlags: 0
  serializedVersion: 2
  m_Modification:
    m_TransformParent: {fileID: 0}
    m_Modifications:
    - target: {fileID: 4000012895034076, guid: 1a7bbefc13559fe4e9a74f128a93021c, type: 2}
      propertyPath: m_LocalPosition.x
      value: -9.1
      objectReference: {fileID: 0}
    - target: {fileID: 4000012895034076, guid: 1a7bbefc13559fe4e9a74f128a93021c, type: 2}
      propertyPath: m_LocalPosition.y
      value: -1.23
      objectReference: {fileID: 0}
    - target: {fileID: 4000012895034076, guid: 1a7bbefc13559fe4e9a74f128a93021c, type: 2}
      propertyPath: m_LocalPosition.z
      value: 0
      objectReference: {fileID: 0}
    - target: {fileID: 4000012895034076, guid: 1a7bbefc13559fe4e9a74f128a93021c, type: 2}
      propertyPath: m_LocalRotation.x
      value: 0
      objectReference: {fileID: 0}
    - target: {fileID: 4000012895034076, guid: 1a7bbefc13559fe4e9a74f128a93021c, type: 2}
      propertyPath: m_LocalRotation.y
      value: 0
      objectReference: {fileID: 0}
    - target: {fileID: 4000012895034076, guid: 1a7bbefc13559fe4e9a74f128a93021c, type: 2}
      propertyPath: m_LocalRotation.z
      value: 0
      objectReference: {fileID: 0}
    - target: {fileID: 4000012895034076, guid: 1a7bbefc13559fe4e9a74f128a93021c, type: 2}
      propertyPath: m_LocalRotation.w
      value: 1
      objectReference: {fileID: 0}
    - target: {fileID: 4000012895034076, guid: 1a7bbefc13559fe4e9a74f128a93021c, type: 2}
      propertyPath: m_RootOrder
      value: 4
      objectReference: {fileID: 0}
    m_RemovedComponents: []
  m_ParentPrefab: {fileID: 100100000, guid: 1a7bbefc13559fe4e9a74f128a93021c, type: 2}
  m_IsPrefabParent: 0
--- !u!1001 &650375587
Prefab:
  m_ObjectHideFlags: 0
  serializedVersion: 2
  m_Modification:
    m_TransformParent: {fileID: 0}
    m_Modifications:
    - target: {fileID: 4000010308123140, guid: ef0cd593f2e72c4439a7919812455afc, type: 2}
      propertyPath: m_LocalPosition.x
      value: -8.7
      objectReference: {fileID: 0}
    - target: {fileID: 4000010308123140, guid: ef0cd593f2e72c4439a7919812455afc, type: 2}
      propertyPath: m_LocalPosition.y
      value: -2
      objectReference: {fileID: 0}
    - target: {fileID: 4000010308123140, guid: ef0cd593f2e72c4439a7919812455afc, type: 2}
      propertyPath: m_LocalPosition.z
      value: 0
      objectReference: {fileID: 0}
    - target: {fileID: 4000010308123140, guid: ef0cd593f2e72c4439a7919812455afc, type: 2}
      propertyPath: m_LocalRotation.x
      value: 0
      objectReference: {fileID: 0}
    - target: {fileID: 4000010308123140, guid: ef0cd593f2e72c4439a7919812455afc, type: 2}
      propertyPath: m_LocalRotation.y
      value: 0
      objectReference: {fileID: 0}
    - target: {fileID: 4000010308123140, guid: ef0cd593f2e72c4439a7919812455afc, type: 2}
      propertyPath: m_LocalRotation.z
      value: 0
      objectReference: {fileID: 0}
    - target: {fileID: 4000010308123140, guid: ef0cd593f2e72c4439a7919812455afc, type: 2}
      propertyPath: m_LocalRotation.w
      value: 1
      objectReference: {fileID: 0}
    - target: {fileID: 4000010308123140, guid: ef0cd593f2e72c4439a7919812455afc, type: 2}
      propertyPath: m_RootOrder
      value: 17
      objectReference: {fileID: 0}
    - target: {fileID: 1000012314839644, guid: ef0cd593f2e72c4439a7919812455afc, type: 2}
      propertyPath: m_Name
      value: Bricks (11)
      objectReference: {fileID: 0}
    m_RemovedComponents: []
  m_ParentPrefab: {fileID: 100100000, guid: ef0cd593f2e72c4439a7919812455afc, type: 2}
  m_IsPrefabParent: 0
--- !u!1001 &709589031
Prefab:
  m_ObjectHideFlags: 0
  serializedVersion: 2
  m_Modification:
    m_TransformParent: {fileID: 0}
    m_Modifications:
    - target: {fileID: 4000010308123140, guid: ef0cd593f2e72c4439a7919812455afc, type: 2}
      propertyPath: m_LocalPosition.x
      value: -12.55
      objectReference: {fileID: 0}
    - target: {fileID: 4000010308123140, guid: ef0cd593f2e72c4439a7919812455afc, type: 2}
      propertyPath: m_LocalPosition.y
      value: -2
      objectReference: {fileID: 0}
    - target: {fileID: 4000010308123140, guid: ef0cd593f2e72c4439a7919812455afc, type: 2}
      propertyPath: m_LocalPosition.z
      value: 0
      objectReference: {fileID: 0}
    - target: {fileID: 4000010308123140, guid: ef0cd593f2e72c4439a7919812455afc, type: 2}
      propertyPath: m_LocalRotation.x
      value: 0
      objectReference: {fileID: 0}
    - target: {fileID: 4000010308123140, guid: ef0cd593f2e72c4439a7919812455afc, type: 2}
      propertyPath: m_LocalRotation.y
      value: 0
      objectReference: {fileID: 0}
    - target: {fileID: 4000010308123140, guid: ef0cd593f2e72c4439a7919812455afc, type: 2}
      propertyPath: m_LocalRotation.z
      value: 0
      objectReference: {fileID: 0}
    - target: {fileID: 4000010308123140, guid: ef0cd593f2e72c4439a7919812455afc, type: 2}
      propertyPath: m_LocalRotation.w
      value: 1
      objectReference: {fileID: 0}
    - target: {fileID: 4000010308123140, guid: ef0cd593f2e72c4439a7919812455afc, type: 2}
      propertyPath: m_RootOrder
      value: 37
      objectReference: {fileID: 0}
    - target: {fileID: 1000012314839644, guid: ef0cd593f2e72c4439a7919812455afc, type: 2}
      propertyPath: m_Name
      value: Bricks (27)
      objectReference: {fileID: 0}
    m_RemovedComponents: []
  m_ParentPrefab: {fileID: 100100000, guid: ef0cd593f2e72c4439a7919812455afc, type: 2}
  m_IsPrefabParent: 0
--- !u!1001 &733963540
Prefab:
  m_ObjectHideFlags: 0
  serializedVersion: 2
  m_Modification:
    m_TransformParent: {fileID: 0}
    m_Modifications:
    - target: {fileID: 4000010308123140, guid: ef0cd593f2e72c4439a7919812455afc, type: 2}
      propertyPath: m_LocalPosition.x
      value: -0.01
      objectReference: {fileID: 0}
    - target: {fileID: 4000010308123140, guid: ef0cd593f2e72c4439a7919812455afc, type: 2}
      propertyPath: m_LocalPosition.y
      value: -2
      objectReference: {fileID: 0}
    - target: {fileID: 4000010308123140, guid: ef0cd593f2e72c4439a7919812455afc, type: 2}
      propertyPath: m_LocalPosition.z
      value: 0
      objectReference: {fileID: 0}
    - target: {fileID: 4000010308123140, guid: ef0cd593f2e72c4439a7919812455afc, type: 2}
      propertyPath: m_LocalRotation.x
      value: 0
      objectReference: {fileID: 0}
    - target: {fileID: 4000010308123140, guid: ef0cd593f2e72c4439a7919812455afc, type: 2}
      propertyPath: m_LocalRotation.y
      value: 0
      objectReference: {fileID: 0}
    - target: {fileID: 4000010308123140, guid: ef0cd593f2e72c4439a7919812455afc, type: 2}
      propertyPath: m_LocalRotation.z
      value: 0
      objectReference: {fileID: 0}
    - target: {fileID: 4000010308123140, guid: ef0cd593f2e72c4439a7919812455afc, type: 2}
      propertyPath: m_LocalRotation.w
      value: 1
      objectReference: {fileID: 0}
    - target: {fileID: 4000010308123140, guid: ef0cd593f2e72c4439a7919812455afc, type: 2}
      propertyPath: m_RootOrder
      value: 7
      objectReference: {fileID: 0}
    - target: {fileID: 1000012314839644, guid: ef0cd593f2e72c4439a7919812455afc, type: 2}
      propertyPath: m_Name
      value: Bricks (2)
      objectReference: {fileID: 0}
    m_RemovedComponents: []
  m_ParentPrefab: {fileID: 100100000, guid: ef0cd593f2e72c4439a7919812455afc, type: 2}
  m_IsPrefabParent: 0
--- !u!1001 &852200415
Prefab:
  m_ObjectHideFlags: 0
  serializedVersion: 2
  m_Modification:
    m_TransformParent: {fileID: 0}
    m_Modifications:
    - target: {fileID: 4000010308123140, guid: ef0cd593f2e72c4439a7919812455afc, type: 2}
      propertyPath: m_LocalPosition.x
      value: -9.7
      objectReference: {fileID: 0}
    - target: {fileID: 4000010308123140, guid: ef0cd593f2e72c4439a7919812455afc, type: 2}
      propertyPath: m_LocalPosition.y
      value: -2
      objectReference: {fileID: 0}
    - target: {fileID: 4000010308123140, guid: ef0cd593f2e72c4439a7919812455afc, type: 2}
      propertyPath: m_LocalPosition.z
      value: 0
      objectReference: {fileID: 0}
    - target: {fileID: 4000010308123140, guid: ef0cd593f2e72c4439a7919812455afc, type: 2}
      propertyPath: m_LocalRotation.x
      value: 0
      objectReference: {fileID: 0}
    - target: {fileID: 4000010308123140, guid: ef0cd593f2e72c4439a7919812455afc, type: 2}
      propertyPath: m_LocalRotation.y
      value: 0
      objectReference: {fileID: 0}
    - target: {fileID: 4000010308123140, guid: ef0cd593f2e72c4439a7919812455afc, type: 2}
      propertyPath: m_LocalRotation.z
      value: 0
      objectReference: {fileID: 0}
    - target: {fileID: 4000010308123140, guid: ef0cd593f2e72c4439a7919812455afc, type: 2}
      propertyPath: m_LocalRotation.w
      value: 1
      objectReference: {fileID: 0}
    - target: {fileID: 4000010308123140, guid: ef0cd593f2e72c4439a7919812455afc, type: 2}
      propertyPath: m_RootOrder
      value: 16
      objectReference: {fileID: 0}
    - target: {fileID: 1000012314839644, guid: ef0cd593f2e72c4439a7919812455afc, type: 2}
      propertyPath: m_Name
      value: Bricks (10)
      objectReference: {fileID: 0}
    m_RemovedComponents: []
  m_ParentPrefab: {fileID: 100100000, guid: ef0cd593f2e72c4439a7919812455afc, type: 2}
  m_IsPrefabParent: 0
--- !u!1001 &935204599
Prefab:
  m_ObjectHideFlags: 0
  serializedVersion: 2
  m_Modification:
    m_TransformParent: {fileID: 0}
    m_Modifications:
    - target: {fileID: 4000010308123140, guid: ef0cd593f2e72c4439a7919812455afc, type: 2}
      propertyPath: m_LocalPosition.x
      value: -1
      objectReference: {fileID: 0}
    - target: {fileID: 4000010308123140, guid: ef0cd593f2e72c4439a7919812455afc, type: 2}
      propertyPath: m_LocalPosition.y
      value: -2
      objectReference: {fileID: 0}
    - target: {fileID: 4000010308123140, guid: ef0cd593f2e72c4439a7919812455afc, type: 2}
      propertyPath: m_LocalPosition.z
      value: 0
      objectReference: {fileID: 0}
    - target: {fileID: 4000010308123140, guid: ef0cd593f2e72c4439a7919812455afc, type: 2}
      propertyPath: m_LocalRotation.x
      value: 0
      objectReference: {fileID: 0}
    - target: {fileID: 4000010308123140, guid: ef0cd593f2e72c4439a7919812455afc, type: 2}
      propertyPath: m_LocalRotation.y
      value: 0
      objectReference: {fileID: 0}
    - target: {fileID: 4000010308123140, guid: ef0cd593f2e72c4439a7919812455afc, type: 2}
      propertyPath: m_LocalRotation.z
      value: 0
      objectReference: {fileID: 0}
    - target: {fileID: 4000010308123140, guid: ef0cd593f2e72c4439a7919812455afc, type: 2}
      propertyPath: m_LocalRotation.w
      value: 1
      objectReference: {fileID: 0}
    - target: {fileID: 4000010308123140, guid: ef0cd593f2e72c4439a7919812455afc, type: 2}
      propertyPath: m_RootOrder
      value: 6
      objectReference: {fileID: 0}
    - target: {fileID: 1000012314839644, guid: ef0cd593f2e72c4439a7919812455afc, type: 2}
      propertyPath: m_Name
      value: Bricks (1)
      objectReference: {fileID: 0}
    m_RemovedComponents: []
  m_ParentPrefab: {fileID: 100100000, guid: ef0cd593f2e72c4439a7919812455afc, type: 2}
  m_IsPrefabParent: 0
--- !u!1 &954173234
GameObject:
  m_ObjectHideFlags: 0
  m_PrefabParentObject: {fileID: 0}
  m_PrefabInternal: {fileID: 0}
  serializedVersion: 4
  m_Component:
  - 4: {fileID: 954173236}
  - 114: {fileID: 954173235}
  m_Layer: 0
  m_Name: InControl
  m_TagString: Untagged
  m_Icon: {fileID: 0}
  m_NavMeshLayer: 0
  m_StaticEditorFlags: 0
  m_IsActive: 1
--- !u!114 &954173235
MonoBehaviour:
  m_ObjectHideFlags: 0
  m_PrefabParentObject: {fileID: 0}
  m_PrefabInternal: {fileID: 0}
  m_GameObject: {fileID: 954173234}
  m_Enabled: 1
  m_EditorHideFlags: 0
  m_Script: {fileID: 11500000, guid: c7b5e8de77c5b4597ae7fbfb49a95e22, type: 3}
  m_Name: 
  m_EditorClassIdentifier: 
  logDebugInfo: 0
  invertYAxis: 0
  enableXInput: 0
  useFixedUpdate: 0
  dontDestroyOnLoad: 0
  customProfiles: []
--- !u!4 &954173236
Transform:
  m_ObjectHideFlags: 0
  m_PrefabParentObject: {fileID: 0}
  m_PrefabInternal: {fileID: 0}
  m_GameObject: {fileID: 954173234}
  m_LocalRotation: {x: 0, y: 0, z: 0, w: 1}
  m_LocalPosition: {x: 0, y: 0, z: 0}
  m_LocalScale: {x: 1, y: 1, z: 1}
  m_LocalEulerAnglesHint: {x: 0, y: 0, z: 0}
  m_Children: []
  m_Father: {fileID: 0}
  m_RootOrder: 8
--- !u!1001 &984769947
Prefab:
  m_ObjectHideFlags: 0
  serializedVersion: 2
  m_Modification:
    m_TransformParent: {fileID: 1774405105}
    m_Modifications:
    - target: {fileID: 4000011552057232, guid: 113b6b33abeb1a2429c522559c47a6f8, type: 2}
      propertyPath: m_LocalPosition.x
      value: 0.4
      objectReference: {fileID: 0}
    - target: {fileID: 4000011552057232, guid: 113b6b33abeb1a2429c522559c47a6f8, type: 2}
      propertyPath: m_LocalPosition.y
      value: 3.57
      objectReference: {fileID: 0}
    - target: {fileID: 4000011552057232, guid: 113b6b33abeb1a2429c522559c47a6f8, type: 2}
      propertyPath: m_LocalPosition.z
      value: 12
      objectReference: {fileID: 0}
    - target: {fileID: 4000011552057232, guid: 113b6b33abeb1a2429c522559c47a6f8, type: 2}
      propertyPath: m_LocalRotation.x
      value: 0
      objectReference: {fileID: 0}
    - target: {fileID: 4000011552057232, guid: 113b6b33abeb1a2429c522559c47a6f8, type: 2}
      propertyPath: m_LocalRotation.y
      value: 0
      objectReference: {fileID: 0}
    - target: {fileID: 4000011552057232, guid: 113b6b33abeb1a2429c522559c47a6f8, type: 2}
      propertyPath: m_LocalRotation.z
      value: 0
      objectReference: {fileID: 0}
    - target: {fileID: 4000011552057232, guid: 113b6b33abeb1a2429c522559c47a6f8, type: 2}
      propertyPath: m_LocalRotation.w
      value: 1
      objectReference: {fileID: 0}
    - target: {fileID: 4000011552057232, guid: 113b6b33abeb1a2429c522559c47a6f8, type: 2}
      propertyPath: m_RootOrder
      value: 0
      objectReference: {fileID: 0}
    - target: {fileID: 4000011552057232, guid: 113b6b33abeb1a2429c522559c47a6f8, type: 2}
      propertyPath: m_LocalScale.x
      value: 4
      objectReference: {fileID: 0}
    - target: {fileID: 4000011552057232, guid: 113b6b33abeb1a2429c522559c47a6f8, type: 2}
      propertyPath: m_LocalScale.y
      value: 4
      objectReference: {fileID: 0}
    m_RemovedComponents: []
  m_ParentPrefab: {fileID: 100100000, guid: 113b6b33abeb1a2429c522559c47a6f8, type: 2}
  m_IsPrefabParent: 0
--- !u!4 &984769948 stripped
Transform:
  m_PrefabParentObject: {fileID: 4000011552057232, guid: 113b6b33abeb1a2429c522559c47a6f8,
    type: 2}
  m_PrefabInternal: {fileID: 984769947}
--- !u!1001 &1075754829
Prefab:
  m_ObjectHideFlags: 0
  serializedVersion: 2
  m_Modification:
    m_TransformParent: {fileID: 0}
    m_Modifications:
    - target: {fileID: 4000010308123140, guid: ef0cd593f2e72c4439a7919812455afc, type: 2}
      propertyPath: m_LocalPosition.x
      value: -23.25
      objectReference: {fileID: 0}
    - target: {fileID: 4000010308123140, guid: ef0cd593f2e72c4439a7919812455afc, type: 2}
      propertyPath: m_LocalPosition.y
      value: -2
      objectReference: {fileID: 0}
    - target: {fileID: 4000010308123140, guid: ef0cd593f2e72c4439a7919812455afc, type: 2}
      propertyPath: m_LocalPosition.z
      value: 0
      objectReference: {fileID: 0}
    - target: {fileID: 4000010308123140, guid: ef0cd593f2e72c4439a7919812455afc, type: 2}
      propertyPath: m_LocalRotation.x
      value: 0
      objectReference: {fileID: 0}
    - target: {fileID: 4000010308123140, guid: ef0cd593f2e72c4439a7919812455afc, type: 2}
      propertyPath: m_LocalRotation.y
      value: 0
      objectReference: {fileID: 0}
    - target: {fileID: 4000010308123140, guid: ef0cd593f2e72c4439a7919812455afc, type: 2}
      propertyPath: m_LocalRotation.z
      value: 0
      objectReference: {fileID: 0}
    - target: {fileID: 4000010308123140, guid: ef0cd593f2e72c4439a7919812455afc, type: 2}
      propertyPath: m_LocalRotation.w
      value: 1
      objectReference: {fileID: 0}
    - target: {fileID: 4000010308123140, guid: ef0cd593f2e72c4439a7919812455afc, type: 2}
      propertyPath: m_RootOrder
      value: 23
      objectReference: {fileID: 0}
    - target: {fileID: 1000012314839644, guid: ef0cd593f2e72c4439a7919812455afc, type: 2}
      propertyPath: m_Name
      value: Bricks (13)
      objectReference: {fileID: 0}
    m_RemovedComponents: []
  m_ParentPrefab: {fileID: 100100000, guid: ef0cd593f2e72c4439a7919812455afc, type: 2}
  m_IsPrefabParent: 0
--- !u!1001 &1125512637
Prefab:
  m_ObjectHideFlags: 0
  serializedVersion: 2
  m_Modification:
    m_TransformParent: {fileID: 0}
    m_Modifications:
    - target: {fileID: 4000010308123140, guid: ef0cd593f2e72c4439a7919812455afc, type: 2}
      propertyPath: m_LocalPosition.x
      value: -19.25
      objectReference: {fileID: 0}
    - target: {fileID: 4000010308123140, guid: ef0cd593f2e72c4439a7919812455afc, type: 2}
      propertyPath: m_LocalPosition.y
      value: -2
      objectReference: {fileID: 0}
    - target: {fileID: 4000010308123140, guid: ef0cd593f2e72c4439a7919812455afc, type: 2}
      propertyPath: m_LocalPosition.z
      value: 0
      objectReference: {fileID: 0}
    - target: {fileID: 4000010308123140, guid: ef0cd593f2e72c4439a7919812455afc, type: 2}
      propertyPath: m_LocalRotation.x
      value: 0
      objectReference: {fileID: 0}
    - target: {fileID: 4000010308123140, guid: ef0cd593f2e72c4439a7919812455afc, type: 2}
      propertyPath: m_LocalRotation.y
      value: 0
      objectReference: {fileID: 0}
    - target: {fileID: 4000010308123140, guid: ef0cd593f2e72c4439a7919812455afc, type: 2}
      propertyPath: m_LocalRotation.z
      value: 0
      objectReference: {fileID: 0}
    - target: {fileID: 4000010308123140, guid: ef0cd593f2e72c4439a7919812455afc, type: 2}
      propertyPath: m_LocalRotation.w
      value: 1
      objectReference: {fileID: 0}
    - target: {fileID: 4000010308123140, guid: ef0cd593f2e72c4439a7919812455afc, type: 2}
      propertyPath: m_RootOrder
      value: 36
      objectReference: {fileID: 0}
    - target: {fileID: 1000012314839644, guid: ef0cd593f2e72c4439a7919812455afc, type: 2}
      propertyPath: m_Name
      value: Bricks (26)
      objectReference: {fileID: 0}
    m_RemovedComponents: []
  m_ParentPrefab: {fileID: 100100000, guid: ef0cd593f2e72c4439a7919812455afc, type: 2}
  m_IsPrefabParent: 0
--- !u!1001 &1131126897
Prefab:
  m_ObjectHideFlags: 0
  serializedVersion: 2
  m_Modification:
    m_TransformParent: {fileID: 0}
    m_Modifications:
    - target: {fileID: 4000010308123140, guid: ef0cd593f2e72c4439a7919812455afc, type: 2}
      propertyPath: m_LocalPosition.x
      value: -25.25
      objectReference: {fileID: 0}
    - target: {fileID: 4000010308123140, guid: ef0cd593f2e72c4439a7919812455afc, type: 2}
      propertyPath: m_LocalPosition.y
      value: -2
      objectReference: {fileID: 0}
    - target: {fileID: 4000010308123140, guid: ef0cd593f2e72c4439a7919812455afc, type: 2}
      propertyPath: m_LocalPosition.z
      value: 0
      objectReference: {fileID: 0}
    - target: {fileID: 4000010308123140, guid: ef0cd593f2e72c4439a7919812455afc, type: 2}
      propertyPath: m_LocalRotation.x
      value: 0
      objectReference: {fileID: 0}
    - target: {fileID: 4000010308123140, guid: ef0cd593f2e72c4439a7919812455afc, type: 2}
      propertyPath: m_LocalRotation.y
      value: 0
      objectReference: {fileID: 0}
    - target: {fileID: 4000010308123140, guid: ef0cd593f2e72c4439a7919812455afc, type: 2}
      propertyPath: m_LocalRotation.z
      value: 0
      objectReference: {fileID: 0}
    - target: {fileID: 4000010308123140, guid: ef0cd593f2e72c4439a7919812455afc, type: 2}
      propertyPath: m_LocalRotation.w
      value: 1
      objectReference: {fileID: 0}
    - target: {fileID: 4000010308123140, guid: ef0cd593f2e72c4439a7919812455afc, type: 2}
      propertyPath: m_RootOrder
      value: 31
      objectReference: {fileID: 0}
    - target: {fileID: 1000012314839644, guid: ef0cd593f2e72c4439a7919812455afc, type: 2}
      propertyPath: m_Name
      value: Bricks (21)
      objectReference: {fileID: 0}
    m_RemovedComponents: []
  m_ParentPrefab: {fileID: 100100000, guid: ef0cd593f2e72c4439a7919812455afc, type: 2}
  m_IsPrefabParent: 0
--- !u!1001 &1136052597
Prefab:
  m_ObjectHideFlags: 0
  serializedVersion: 2
  m_Modification:
    m_TransformParent: {fileID: 0}
    m_Modifications:
    - target: {fileID: 4000010308123140, guid: ef0cd593f2e72c4439a7919812455afc, type: 2}
      propertyPath: m_LocalPosition.x
      value: -3
      objectReference: {fileID: 0}
    - target: {fileID: 4000010308123140, guid: ef0cd593f2e72c4439a7919812455afc, type: 2}
      propertyPath: m_LocalPosition.y
      value: -2
      objectReference: {fileID: 0}
    - target: {fileID: 4000010308123140, guid: ef0cd593f2e72c4439a7919812455afc, type: 2}
      propertyPath: m_LocalPosition.z
      value: 0
      objectReference: {fileID: 0}
    - target: {fileID: 4000010308123140, guid: ef0cd593f2e72c4439a7919812455afc, type: 2}
      propertyPath: m_LocalRotation.x
      value: 0
      objectReference: {fileID: 0}
    - target: {fileID: 4000010308123140, guid: ef0cd593f2e72c4439a7919812455afc, type: 2}
      propertyPath: m_LocalRotation.y
      value: 0
      objectReference: {fileID: 0}
    - target: {fileID: 4000010308123140, guid: ef0cd593f2e72c4439a7919812455afc, type: 2}
      propertyPath: m_LocalRotation.z
      value: 0
      objectReference: {fileID: 0}
    - target: {fileID: 4000010308123140, guid: ef0cd593f2e72c4439a7919812455afc, type: 2}
      propertyPath: m_LocalRotation.w
      value: 1
      objectReference: {fileID: 0}
    - target: {fileID: 4000010308123140, guid: ef0cd593f2e72c4439a7919812455afc, type: 2}
      propertyPath: m_RootOrder
      value: 21
      objectReference: {fileID: 0}
    - target: {fileID: 1000012314839644, guid: ef0cd593f2e72c4439a7919812455afc, type: 2}
      propertyPath: m_Name
      value: Bricks (175)
      objectReference: {fileID: 0}
    m_RemovedComponents: []
  m_ParentPrefab: {fileID: 100100000, guid: ef0cd593f2e72c4439a7919812455afc, type: 2}
  m_IsPrefabParent: 0
--- !u!1001 &1217226144
Prefab:
  m_ObjectHideFlags: 0
  serializedVersion: 2
  m_Modification:
    m_TransformParent: {fileID: 0}
    m_Modifications:
    - target: {fileID: 4000010308123140, guid: ef0cd593f2e72c4439a7919812455afc, type: 2}
      propertyPath: m_LocalPosition.x
      value: -22.25
      objectReference: {fileID: 0}
    - target: {fileID: 4000010308123140, guid: ef0cd593f2e72c4439a7919812455afc, type: 2}
      propertyPath: m_LocalPosition.y
      value: -2
      objectReference: {fileID: 0}
    - target: {fileID: 4000010308123140, guid: ef0cd593f2e72c4439a7919812455afc, type: 2}
      propertyPath: m_LocalPosition.z
      value: 0
      objectReference: {fileID: 0}
    - target: {fileID: 4000010308123140, guid: ef0cd593f2e72c4439a7919812455afc, type: 2}
      propertyPath: m_LocalRotation.x
      value: 0
      objectReference: {fileID: 0}
    - target: {fileID: 4000010308123140, guid: ef0cd593f2e72c4439a7919812455afc, type: 2}
      propertyPath: m_LocalRotation.y
      value: 0
      objectReference: {fileID: 0}
    - target: {fileID: 4000010308123140, guid: ef0cd593f2e72c4439a7919812455afc, type: 2}
      propertyPath: m_LocalRotation.z
      value: 0
      objectReference: {fileID: 0}
    - target: {fileID: 4000010308123140, guid: ef0cd593f2e72c4439a7919812455afc, type: 2}
      propertyPath: m_LocalRotation.w
      value: 1
      objectReference: {fileID: 0}
    - target: {fileID: 4000010308123140, guid: ef0cd593f2e72c4439a7919812455afc, type: 2}
      propertyPath: m_RootOrder
      value: 35
      objectReference: {fileID: 0}
    - target: {fileID: 1000012314839644, guid: ef0cd593f2e72c4439a7919812455afc, type: 2}
      propertyPath: m_Name
      value: Bricks (25)
      objectReference: {fileID: 0}
    m_RemovedComponents: []
  m_ParentPrefab: {fileID: 100100000, guid: ef0cd593f2e72c4439a7919812455afc, type: 2}
  m_IsPrefabParent: 0
--- !u!1001 &1318782739
Prefab:
  m_ObjectHideFlags: 0
  serializedVersion: 2
  m_Modification:
    m_TransformParent: {fileID: 0}
    m_Modifications:
    - target: {fileID: 4000010308123140, guid: ef0cd593f2e72c4439a7919812455afc, type: 2}
      propertyPath: m_LocalPosition.x
      value: -11.7
      objectReference: {fileID: 0}
    - target: {fileID: 4000010308123140, guid: ef0cd593f2e72c4439a7919812455afc, type: 2}
      propertyPath: m_LocalPosition.y
      value: -2
      objectReference: {fileID: 0}
    - target: {fileID: 4000010308123140, guid: ef0cd593f2e72c4439a7919812455afc, type: 2}
      propertyPath: m_LocalPosition.z
      value: 0
      objectReference: {fileID: 0}
    - target: {fileID: 4000010308123140, guid: ef0cd593f2e72c4439a7919812455afc, type: 2}
      propertyPath: m_LocalRotation.x
      value: 0
      objectReference: {fileID: 0}
    - target: {fileID: 4000010308123140, guid: ef0cd593f2e72c4439a7919812455afc, type: 2}
      propertyPath: m_LocalRotation.y
      value: 0
      objectReference: {fileID: 0}
    - target: {fileID: 4000010308123140, guid: ef0cd593f2e72c4439a7919812455afc, type: 2}
      propertyPath: m_LocalRotation.z
      value: 0
      objectReference: {fileID: 0}
    - target: {fileID: 4000010308123140, guid: ef0cd593f2e72c4439a7919812455afc, type: 2}
      propertyPath: m_LocalRotation.w
      value: 1
      objectReference: {fileID: 0}
    - target: {fileID: 4000010308123140, guid: ef0cd593f2e72c4439a7919812455afc, type: 2}
      propertyPath: m_RootOrder
      value: 14
      objectReference: {fileID: 0}
    - target: {fileID: 1000012314839644, guid: ef0cd593f2e72c4439a7919812455afc, type: 2}
      propertyPath: m_Name
      value: Bricks (8)
      objectReference: {fileID: 0}
    m_RemovedComponents: []
  m_ParentPrefab: {fileID: 100100000, guid: ef0cd593f2e72c4439a7919812455afc, type: 2}
  m_IsPrefabParent: 0
--- !u!1001 &1326962993
Prefab:
  m_ObjectHideFlags: 0
  serializedVersion: 2
  m_Modification:
    m_TransformParent: {fileID: 0}
    m_Modifications:
    - target: {fileID: 4000010308123140, guid: ef0cd593f2e72c4439a7919812455afc, type: 2}
      propertyPath: m_LocalPosition.x
      value: -27.25
      objectReference: {fileID: 0}
    - target: {fileID: 4000010308123140, guid: ef0cd593f2e72c4439a7919812455afc, type: 2}
      propertyPath: m_LocalPosition.y
      value: -2
      objectReference: {fileID: 0}
    - target: {fileID: 4000010308123140, guid: ef0cd593f2e72c4439a7919812455afc, type: 2}
      propertyPath: m_LocalPosition.z
      value: 0
      objectReference: {fileID: 0}
    - target: {fileID: 4000010308123140, guid: ef0cd593f2e72c4439a7919812455afc, type: 2}
      propertyPath: m_LocalRotation.x
      value: 0
      objectReference: {fileID: 0}
    - target: {fileID: 4000010308123140, guid: ef0cd593f2e72c4439a7919812455afc, type: 2}
      propertyPath: m_LocalRotation.y
      value: 0
      objectReference: {fileID: 0}
    - target: {fileID: 4000010308123140, guid: ef0cd593f2e72c4439a7919812455afc, type: 2}
      propertyPath: m_LocalRotation.z
      value: 0
      objectReference: {fileID: 0}
    - target: {fileID: 4000010308123140, guid: ef0cd593f2e72c4439a7919812455afc, type: 2}
      propertyPath: m_LocalRotation.w
      value: 1
      objectReference: {fileID: 0}
    - target: {fileID: 4000010308123140, guid: ef0cd593f2e72c4439a7919812455afc, type: 2}
      propertyPath: m_RootOrder
      value: 28
      objectReference: {fileID: 0}
    - target: {fileID: 1000012314839644, guid: ef0cd593f2e72c4439a7919812455afc, type: 2}
      propertyPath: m_Name
      value: Bricks (19)
      objectReference: {fileID: 0}
    m_RemovedComponents: []
  m_ParentPrefab: {fileID: 100100000, guid: ef0cd593f2e72c4439a7919812455afc, type: 2}
  m_IsPrefabParent: 0
--- !u!1001 &1373733002
Prefab:
  m_ObjectHideFlags: 0
  serializedVersion: 2
  m_Modification:
    m_TransformParent: {fileID: 0}
    m_Modifications:
    - target: {fileID: 4000010308123140, guid: ef0cd593f2e72c4439a7919812455afc, type: 2}
      propertyPath: m_LocalPosition.x
      value: -17.55
      objectReference: {fileID: 0}
    - target: {fileID: 4000010308123140, guid: ef0cd593f2e72c4439a7919812455afc, type: 2}
      propertyPath: m_LocalPosition.y
      value: -2
      objectReference: {fileID: 0}
    - target: {fileID: 4000010308123140, guid: ef0cd593f2e72c4439a7919812455afc, type: 2}
      propertyPath: m_LocalPosition.z
      value: 0
      objectReference: {fileID: 0}
    - target: {fileID: 4000010308123140, guid: ef0cd593f2e72c4439a7919812455afc, type: 2}
      propertyPath: m_LocalRotation.x
      value: 0
      objectReference: {fileID: 0}
    - target: {fileID: 4000010308123140, guid: ef0cd593f2e72c4439a7919812455afc, type: 2}
      propertyPath: m_LocalRotation.y
      value: 0
      objectReference: {fileID: 0}
    - target: {fileID: 4000010308123140, guid: ef0cd593f2e72c4439a7919812455afc, type: 2}
      propertyPath: m_LocalRotation.z
      value: 0
      objectReference: {fileID: 0}
    - target: {fileID: 4000010308123140, guid: ef0cd593f2e72c4439a7919812455afc, type: 2}
      propertyPath: m_LocalRotation.w
      value: 1
      objectReference: {fileID: 0}
    - target: {fileID: 4000010308123140, guid: ef0cd593f2e72c4439a7919812455afc, type: 2}
      propertyPath: m_RootOrder
      value: 27
      objectReference: {fileID: 0}
    - target: {fileID: 1000012314839644, guid: ef0cd593f2e72c4439a7919812455afc, type: 2}
      propertyPath: m_Name
      value: Bricks (177)
      objectReference: {fileID: 0}
    m_RemovedComponents: []
  m_ParentPrefab: {fileID: 100100000, guid: ef0cd593f2e72c4439a7919812455afc, type: 2}
  m_IsPrefabParent: 0
--- !u!1 &1602805392
GameObject:
  m_ObjectHideFlags: 0
  m_PrefabParentObject: {fileID: 0}
  m_PrefabInternal: {fileID: 0}
  serializedVersion: 4
  m_Component:
  - 4: {fileID: 1602805394}
  - 108: {fileID: 1602805393}
  m_Layer: 0
  m_Name: Directional Light
  m_TagString: Untagged
  m_Icon: {fileID: 0}
  m_NavMeshLayer: 0
  m_StaticEditorFlags: 0
  m_IsActive: 1
--- !u!108 &1602805393
Light:
  m_ObjectHideFlags: 0
  m_PrefabParentObject: {fileID: 0}
  m_PrefabInternal: {fileID: 0}
  m_GameObject: {fileID: 1602805392}
  m_Enabled: 1
  serializedVersion: 7
  m_Type: 1
  m_Color: {r: 1, g: 0.95686275, b: 0.8392157, a: 1}
  m_Intensity: 1
  m_Range: 10
  m_SpotAngle: 30
  m_CookieSize: 10
  m_Shadows:
    m_Type: 2
    m_Resolution: -1
    m_CustomResolution: -1
    m_Strength: 1
    m_Bias: 0.05
    m_NormalBias: 0.4
    m_NearPlane: 0.2
  m_Cookie: {fileID: 0}
  m_DrawHalo: 0
  m_Flare: {fileID: 0}
  m_RenderMode: 0
  m_CullingMask:
    serializedVersion: 2
    m_Bits: 4294967295
  m_Lightmapping: 4
  m_AreaSize: {x: 1, y: 1}
  m_BounceIntensity: 1
  m_ShadowRadius: 0
  m_ShadowAngle: 0
--- !u!4 &1602805394
Transform:
  m_ObjectHideFlags: 0
  m_PrefabParentObject: {fileID: 0}
  m_PrefabInternal: {fileID: 0}
  m_GameObject: {fileID: 1602805392}
  m_LocalRotation: {x: 0.40821788, y: -0.23456968, z: 0.10938163, w: 0.8754261}
  m_LocalPosition: {x: 20.89, y: 28.11, z: -36.19}
  m_LocalScale: {x: 1, y: 1, z: 1}
  m_LocalEulerAnglesHint: {x: 50, y: -30, z: 0}
  m_Children: []
  m_Father: {fileID: 0}
  m_RootOrder: 5
--- !u!1001 &1625848233
Prefab:
  m_ObjectHideFlags: 0
  serializedVersion: 2
  m_Modification:
    m_TransformParent: {fileID: 0}
    m_Modifications:
    - target: {fileID: 4000010308123140, guid: ef0cd593f2e72c4439a7919812455afc, type: 2}
      propertyPath: m_LocalPosition.x
      value: -15.56
      objectReference: {fileID: 0}
    - target: {fileID: 4000010308123140, guid: ef0cd593f2e72c4439a7919812455afc, type: 2}
      propertyPath: m_LocalPosition.y
      value: -2
      objectReference: {fileID: 0}
    - target: {fileID: 4000010308123140, guid: ef0cd593f2e72c4439a7919812455afc, type: 2}
      propertyPath: m_LocalPosition.z
      value: 0
      objectReference: {fileID: 0}
    - target: {fileID: 4000010308123140, guid: ef0cd593f2e72c4439a7919812455afc, type: 2}
      propertyPath: m_LocalRotation.x
      value: 0
      objectReference: {fileID: 0}
    - target: {fileID: 4000010308123140, guid: ef0cd593f2e72c4439a7919812455afc, type: 2}
      propertyPath: m_LocalRotation.y
      value: 0
      objectReference: {fileID: 0}
    - target: {fileID: 4000010308123140, guid: ef0cd593f2e72c4439a7919812455afc, type: 2}
      propertyPath: m_LocalRotation.z
      value: 0
      objectReference: {fileID: 0}
    - target: {fileID: 4000010308123140, guid: ef0cd593f2e72c4439a7919812455afc, type: 2}
      propertyPath: m_LocalRotation.w
      value: 1
      objectReference: {fileID: 0}
    - target: {fileID: 4000010308123140, guid: ef0cd593f2e72c4439a7919812455afc, type: 2}
      propertyPath: m_RootOrder
      value: 32
      objectReference: {fileID: 0}
    - target: {fileID: 1000012314839644, guid: ef0cd593f2e72c4439a7919812455afc, type: 2}
      propertyPath: m_Name
      value: Bricks (22)
      objectReference: {fileID: 0}
    m_RemovedComponents: []
  m_ParentPrefab: {fileID: 100100000, guid: ef0cd593f2e72c4439a7919812455afc, type: 2}
  m_IsPrefabParent: 0
--- !u!1001 &1650184070
Prefab:
  m_ObjectHideFlags: 0
  serializedVersion: 2
  m_Modification:
    m_TransformParent: {fileID: 0}
    m_Modifications:
    - target: {fileID: 4000010308123140, guid: ef0cd593f2e72c4439a7919812455afc, type: 2}
      propertyPath: m_LocalPosition.x
      value: -2
      objectReference: {fileID: 0}
    - target: {fileID: 4000010308123140, guid: ef0cd593f2e72c4439a7919812455afc, type: 2}
      propertyPath: m_LocalPosition.y
      value: -2
      objectReference: {fileID: 0}
    - target: {fileID: 4000010308123140, guid: ef0cd593f2e72c4439a7919812455afc, type: 2}
      propertyPath: m_LocalPosition.z
      value: 0
      objectReference: {fileID: 0}
    - target: {fileID: 4000010308123140, guid: ef0cd593f2e72c4439a7919812455afc, type: 2}
      propertyPath: m_LocalRotation.x
      value: 0
      objectReference: {fileID: 0}
    - target: {fileID: 4000010308123140, guid: ef0cd593f2e72c4439a7919812455afc, type: 2}
      propertyPath: m_LocalRotation.y
      value: 0
      objectReference: {fileID: 0}
    - target: {fileID: 4000010308123140, guid: ef0cd593f2e72c4439a7919812455afc, type: 2}
      propertyPath: m_LocalRotation.z
      value: 0
      objectReference: {fileID: 0}
    - target: {fileID: 4000010308123140, guid: ef0cd593f2e72c4439a7919812455afc, type: 2}
      propertyPath: m_LocalRotation.w
      value: 1
      objectReference: {fileID: 0}
    - target: {fileID: 4000010308123140, guid: ef0cd593f2e72c4439a7919812455afc, type: 2}
      propertyPath: m_RootOrder
      value: 22
      objectReference: {fileID: 0}
    - target: {fileID: 1000012314839644, guid: ef0cd593f2e72c4439a7919812455afc, type: 2}
      propertyPath: m_Name
      value: Bricks (176)
      objectReference: {fileID: 0}
    m_RemovedComponents: []
  m_ParentPrefab: {fileID: 100100000, guid: ef0cd593f2e72c4439a7919812455afc, type: 2}
  m_IsPrefabParent: 0
--- !u!1001 &1657727431
Prefab:
  m_ObjectHideFlags: 0
  serializedVersion: 2
  m_Modification:
    m_TransformParent: {fileID: 0}
    m_Modifications:
    - target: {fileID: 4000010308123140, guid: ef0cd593f2e72c4439a7919812455afc, type: 2}
      propertyPath: m_LocalPosition.x
      value: -10.7
      objectReference: {fileID: 0}
    - target: {fileID: 4000010308123140, guid: ef0cd593f2e72c4439a7919812455afc, type: 2}
      propertyPath: m_LocalPosition.y
      value: -2
      objectReference: {fileID: 0}
    - target: {fileID: 4000010308123140, guid: ef0cd593f2e72c4439a7919812455afc, type: 2}
      propertyPath: m_LocalPosition.z
      value: 0
      objectReference: {fileID: 0}
    - target: {fileID: 4000010308123140, guid: ef0cd593f2e72c4439a7919812455afc, type: 2}
      propertyPath: m_LocalRotation.x
      value: 0
      objectReference: {fileID: 0}
    - target: {fileID: 4000010308123140, guid: ef0cd593f2e72c4439a7919812455afc, type: 2}
      propertyPath: m_LocalRotation.y
      value: 0
      objectReference: {fileID: 0}
    - target: {fileID: 4000010308123140, guid: ef0cd593f2e72c4439a7919812455afc, type: 2}
      propertyPath: m_LocalRotation.z
      value: 0
      objectReference: {fileID: 0}
    - target: {fileID: 4000010308123140, guid: ef0cd593f2e72c4439a7919812455afc, type: 2}
      propertyPath: m_LocalRotation.w
      value: 1
      objectReference: {fileID: 0}
    - target: {fileID: 4000010308123140, guid: ef0cd593f2e72c4439a7919812455afc, type: 2}
      propertyPath: m_RootOrder
      value: 15
      objectReference: {fileID: 0}
    - target: {fileID: 1000012314839644, guid: ef0cd593f2e72c4439a7919812455afc, type: 2}
      propertyPath: m_Name
      value: Bricks (9)
      objectReference: {fileID: 0}
    m_RemovedComponents: []
  m_ParentPrefab: {fileID: 100100000, guid: ef0cd593f2e72c4439a7919812455afc, type: 2}
  m_IsPrefabParent: 0
--- !u!1001 &1685492969
Prefab:
  m_ObjectHideFlags: 0
  serializedVersion: 2
  m_Modification:
    m_TransformParent: {fileID: 0}
    m_Modifications:
    - target: {fileID: 4000013886912386, guid: 4e43e06cb3ead7041a69cab37041eb06, type: 2}
      propertyPath: m_LocalPosition.x
      value: -2.9111066
      objectReference: {fileID: 0}
    - target: {fileID: 4000013886912386, guid: 4e43e06cb3ead7041a69cab37041eb06, type: 2}
      propertyPath: m_LocalPosition.y
      value: -0.35149795
      objectReference: {fileID: 0}
    - target: {fileID: 4000013886912386, guid: 4e43e06cb3ead7041a69cab37041eb06, type: 2}
      propertyPath: m_LocalPosition.z
      value: 0
      objectReference: {fileID: 0}
    - target: {fileID: 4000013886912386, guid: 4e43e06cb3ead7041a69cab37041eb06, type: 2}
      propertyPath: m_LocalRotation.x
      value: -0
      objectReference: {fileID: 0}
    - target: {fileID: 4000013886912386, guid: 4e43e06cb3ead7041a69cab37041eb06, type: 2}
      propertyPath: m_LocalRotation.y
      value: -0
      objectReference: {fileID: 0}
    - target: {fileID: 4000013886912386, guid: 4e43e06cb3ead7041a69cab37041eb06, type: 2}
      propertyPath: m_LocalRotation.z
      value: 0.7071068
      objectReference: {fileID: 0}
    - target: {fileID: 4000013886912386, guid: 4e43e06cb3ead7041a69cab37041eb06, type: 2}
      propertyPath: m_LocalRotation.w
      value: 0.7071068
      objectReference: {fileID: 0}
    - target: {fileID: 4000013886912386, guid: 4e43e06cb3ead7041a69cab37041eb06, type: 2}
      propertyPath: m_RootOrder
      value: 1
      objectReference: {fileID: 0}
    m_RemovedComponents: []
  m_ParentPrefab: {fileID: 100100000, guid: 4e43e06cb3ead7041a69cab37041eb06, type: 2}
  m_IsPrefabParent: 0
--- !u!1001 &1720599126
Prefab:
  m_ObjectHideFlags: 0
  serializedVersion: 2
  m_Modification:
    m_TransformParent: {fileID: 0}
    m_Modifications:
    - target: {fileID: 4000010308123140, guid: ef0cd593f2e72c4439a7919812455afc, type: 2}
      propertyPath: m_LocalPosition.x
      value: 2.99
      objectReference: {fileID: 0}
    - target: {fileID: 4000010308123140, guid: ef0cd593f2e72c4439a7919812455afc, type: 2}
      propertyPath: m_LocalPosition.y
      value: -2
      objectReference: {fileID: 0}
    - target: {fileID: 4000010308123140, guid: ef0cd593f2e72c4439a7919812455afc, type: 2}
      propertyPath: m_LocalPosition.z
      value: 0
      objectReference: {fileID: 0}
    - target: {fileID: 4000010308123140, guid: ef0cd593f2e72c4439a7919812455afc, type: 2}
      propertyPath: m_LocalRotation.x
      value: 0
      objectReference: {fileID: 0}
    - target: {fileID: 4000010308123140, guid: ef0cd593f2e72c4439a7919812455afc, type: 2}
      propertyPath: m_LocalRotation.y
      value: 0
      objectReference: {fileID: 0}
    - target: {fileID: 4000010308123140, guid: ef0cd593f2e72c4439a7919812455afc, type: 2}
      propertyPath: m_LocalRotation.z
      value: 0
      objectReference: {fileID: 0}
    - target: {fileID: 4000010308123140, guid: ef0cd593f2e72c4439a7919812455afc, type: 2}
      propertyPath: m_LocalRotation.w
      value: 1
      objectReference: {fileID: 0}
    - target: {fileID: 4000010308123140, guid: ef0cd593f2e72c4439a7919812455afc, type: 2}
      propertyPath: m_RootOrder
      value: 18
      objectReference: {fileID: 0}
    - target: {fileID: 1000012314839644, guid: ef0cd593f2e72c4439a7919812455afc, type: 2}
      propertyPath: m_Name
      value: Bricks (14)
      objectReference: {fileID: 0}
    m_RemovedComponents: []
  m_ParentPrefab: {fileID: 100100000, guid: ef0cd593f2e72c4439a7919812455afc, type: 2}
  m_IsPrefabParent: 0
--- !u!1 &1774405099
GameObject:
  m_ObjectHideFlags: 0
  m_PrefabParentObject: {fileID: 0}
  m_PrefabInternal: {fileID: 0}
  serializedVersion: 4
  m_Component:
  - 4: {fileID: 1774405105}
  - 20: {fileID: 1774405104}
  - 92: {fileID: 1774405103}
  - 124: {fileID: 1774405102}
  - 81: {fileID: 1774405101}
  - 114: {fileID: 1774405100}
  m_Layer: 0
  m_Name: Main Camera
  m_TagString: MainCamera
  m_Icon: {fileID: 0}
  m_NavMeshLayer: 0
  m_StaticEditorFlags: 0
  m_IsActive: 1
--- !u!114 &1774405100
MonoBehaviour:
  m_ObjectHideFlags: 0
  m_PrefabParentObject: {fileID: 0}
  m_PrefabInternal: {fileID: 0}
  m_GameObject: {fileID: 1774405099}
  m_Enabled: 1
  m_EditorHideFlags: 0
  m_Script: {fileID: 11500000, guid: ae49b667b14e9de42bf1638103759f9a, type: 3}
  m_Name: 
  m_EditorClassIdentifier: 
  isJittering: 0
  jitterCounter: 0
  jitterDuration: 0
  jitterIntensity: 0
--- !u!81 &1774405101
AudioListener:
  m_ObjectHideFlags: 0
  m_PrefabParentObject: {fileID: 0}
  m_PrefabInternal: {fileID: 0}
  m_GameObject: {fileID: 1774405099}
  m_Enabled: 1
--- !u!124 &1774405102
Behaviour:
  m_ObjectHideFlags: 0
  m_PrefabParentObject: {fileID: 0}
  m_PrefabInternal: {fileID: 0}
  m_GameObject: {fileID: 1774405099}
  m_Enabled: 1
--- !u!92 &1774405103
Behaviour:
  m_ObjectHideFlags: 0
  m_PrefabParentObject: {fileID: 0}
  m_PrefabInternal: {fileID: 0}
  m_GameObject: {fileID: 1774405099}
  m_Enabled: 1
--- !u!20 &1774405104
Camera:
  m_ObjectHideFlags: 0
  m_PrefabParentObject: {fileID: 0}
  m_PrefabInternal: {fileID: 0}
  m_GameObject: {fileID: 1774405099}
  m_Enabled: 1
  serializedVersion: 2
  m_ClearFlags: 1
  m_BackGroundColor: {r: 0, g: 0, b: 0, a: 0}
  m_NormalizedViewPortRect:
    serializedVersion: 2
    x: 0
    y: 0
    width: 1
    height: 1
  near clip plane: 0.3
  far clip plane: 1000
  field of view: 60
  orthographic: 1
  orthographic size: 5
  m_Depth: -1
  m_CullingMask:
    serializedVersion: 2
    m_Bits: 4294967295
  m_RenderingPath: -1
  m_TargetTexture: {fileID: 0}
  m_TargetDisplay: 0
  m_TargetEye: 3
  m_HDR: 0
  m_OcclusionCulling: 1
  m_StereoConvergence: 10
  m_StereoSeparation: 0.022
  m_StereoMirrorMode: 0
--- !u!4 &1774405105
Transform:
  m_ObjectHideFlags: 0
  m_PrefabParentObject: {fileID: 0}
  m_PrefabInternal: {fileID: 0}
  m_GameObject: {fileID: 1774405099}
  m_LocalRotation: {x: 0, y: 0, z: 0, w: 1}
  m_LocalPosition: {x: -7.8, y: -0.71, z: -10}
  m_LocalScale: {x: 1, y: 1, z: 1}
  m_LocalEulerAnglesHint: {x: 0, y: 0, z: 0}
  m_Children:
  - {fileID: 984769948}
  - {fileID: 316543015}
  m_Father: {fileID: 0}
  m_RootOrder: 0
--- !u!1001 &1812529986
Prefab:
  m_ObjectHideFlags: 0
  serializedVersion: 2
  m_Modification:
    m_TransformParent: {fileID: 0}
    m_Modifications:
    - target: {fileID: 4000010308123140, guid: ef0cd593f2e72c4439a7919812455afc, type: 2}
      propertyPath: m_LocalPosition.x
      value: -12.56
      objectReference: {fileID: 0}
    - target: {fileID: 4000010308123140, guid: ef0cd593f2e72c4439a7919812455afc, type: 2}
      propertyPath: m_LocalPosition.y
      value: -2
      objectReference: {fileID: 0}
    - target: {fileID: 4000010308123140, guid: ef0cd593f2e72c4439a7919812455afc, type: 2}
      propertyPath: m_LocalPosition.z
      value: 0
      objectReference: {fileID: 0}
    - target: {fileID: 4000010308123140, guid: ef0cd593f2e72c4439a7919812455afc, type: 2}
      propertyPath: m_LocalRotation.x
      value: 0
      objectReference: {fileID: 0}
    - target: {fileID: 4000010308123140, guid: ef0cd593f2e72c4439a7919812455afc, type: 2}
      propertyPath: m_LocalRotation.y
      value: 0
      objectReference: {fileID: 0}
    - target: {fileID: 4000010308123140, guid: ef0cd593f2e72c4439a7919812455afc, type: 2}
      propertyPath: m_LocalRotation.z
      value: 0
      objectReference: {fileID: 0}
    - target: {fileID: 4000010308123140, guid: ef0cd593f2e72c4439a7919812455afc, type: 2}
      propertyPath: m_LocalRotation.w
      value: 1
      objectReference: {fileID: 0}
    - target: {fileID: 4000010308123140, guid: ef0cd593f2e72c4439a7919812455afc, type: 2}
      propertyPath: m_RootOrder
      value: 25
      objectReference: {fileID: 0}
    - target: {fileID: 1000012314839644, guid: ef0cd593f2e72c4439a7919812455afc, type: 2}
      propertyPath: m_Name
      value: Bricks (17)
      objectReference: {fileID: 0}
    m_RemovedComponents: []
  m_ParentPrefab: {fileID: 100100000, guid: ef0cd593f2e72c4439a7919812455afc, type: 2}
  m_IsPrefabParent: 0
--- !u!1001 &1821491259
Prefab:
  m_ObjectHideFlags: 0
  serializedVersion: 2
  m_Modification:
    m_TransformParent: {fileID: 0}
    m_Modifications:
    - target: {fileID: 4000010308123140, guid: ef0cd593f2e72c4439a7919812455afc, type: 2}
      propertyPath: m_LocalPosition.x
      value: -18.55
      objectReference: {fileID: 0}
    - target: {fileID: 4000010308123140, guid: ef0cd593f2e72c4439a7919812455afc, type: 2}
      propertyPath: m_LocalPosition.y
      value: -2
      objectReference: {fileID: 0}
    - target: {fileID: 4000010308123140, guid: ef0cd593f2e72c4439a7919812455afc, type: 2}
      propertyPath: m_LocalPosition.z
      value: 0
      objectReference: {fileID: 0}
    - target: {fileID: 4000010308123140, guid: ef0cd593f2e72c4439a7919812455afc, type: 2}
      propertyPath: m_LocalRotation.x
      value: 0
      objectReference: {fileID: 0}
    - target: {fileID: 4000010308123140, guid: ef0cd593f2e72c4439a7919812455afc, type: 2}
      propertyPath: m_LocalRotation.y
      value: 0
      objectReference: {fileID: 0}
    - target: {fileID: 4000010308123140, guid: ef0cd593f2e72c4439a7919812455afc, type: 2}
      propertyPath: m_LocalRotation.z
      value: 0
      objectReference: {fileID: 0}
    - target: {fileID: 4000010308123140, guid: ef0cd593f2e72c4439a7919812455afc, type: 2}
      propertyPath: m_LocalRotation.w
      value: 1
      objectReference: {fileID: 0}
    - target: {fileID: 4000010308123140, guid: ef0cd593f2e72c4439a7919812455afc, type: 2}
      propertyPath: m_RootOrder
      value: 29
      objectReference: {fileID: 0}
    - target: {fileID: 1000012314839644, guid: ef0cd593f2e72c4439a7919812455afc, type: 2}
      propertyPath: m_Name
      value: Bricks (178)
      objectReference: {fileID: 0}
    m_RemovedComponents: []
  m_ParentPrefab: {fileID: 100100000, guid: ef0cd593f2e72c4439a7919812455afc, type: 2}
  m_IsPrefabParent: 0
--- !u!1001 &1838766858
Prefab:
  m_ObjectHideFlags: 0
  serializedVersion: 2
  m_Modification:
    m_TransformParent: {fileID: 0}
    m_Modifications:
    - target: {fileID: 4000010308123140, guid: ef0cd593f2e72c4439a7919812455afc, type: 2}
      propertyPath: m_LocalPosition.x
      value: 1.99
      objectReference: {fileID: 0}
    - target: {fileID: 4000010308123140, guid: ef0cd593f2e72c4439a7919812455afc, type: 2}
      propertyPath: m_LocalPosition.y
      value: -2
      objectReference: {fileID: 0}
    - target: {fileID: 4000010308123140, guid: ef0cd593f2e72c4439a7919812455afc, type: 2}
      propertyPath: m_LocalPosition.z
      value: 0
      objectReference: {fileID: 0}
    - target: {fileID: 4000010308123140, guid: ef0cd593f2e72c4439a7919812455afc, type: 2}
      propertyPath: m_LocalRotation.x
      value: 0
      objectReference: {fileID: 0}
    - target: {fileID: 4000010308123140, guid: ef0cd593f2e72c4439a7919812455afc, type: 2}
      propertyPath: m_LocalRotation.y
      value: 0
      objectReference: {fileID: 0}
    - target: {fileID: 4000010308123140, guid: ef0cd593f2e72c4439a7919812455afc, type: 2}
      propertyPath: m_LocalRotation.z
      value: 0
      objectReference: {fileID: 0}
    - target: {fileID: 4000010308123140, guid: ef0cd593f2e72c4439a7919812455afc, type: 2}
      propertyPath: m_LocalRotation.w
      value: 1
      objectReference: {fileID: 0}
    - target: {fileID: 4000010308123140, guid: ef0cd593f2e72c4439a7919812455afc, type: 2}
      propertyPath: m_RootOrder
      value: 19
      objectReference: {fileID: 0}
    - target: {fileID: 1000012314839644, guid: ef0cd593f2e72c4439a7919812455afc, type: 2}
      propertyPath: m_Name
      value: Bricks (15)
      objectReference: {fileID: 0}
    m_RemovedComponents: []
  m_ParentPrefab: {fileID: 100100000, guid: ef0cd593f2e72c4439a7919812455afc, type: 2}
  m_IsPrefabParent: 0
--- !u!1001 &1858911204
Prefab:
  m_ObjectHideFlags: 0
  serializedVersion: 2
  m_Modification:
    m_TransformParent: {fileID: 0}
    m_Modifications:
    - target: {fileID: 4000010308123140, guid: ef0cd593f2e72c4439a7919812455afc, type: 2}
      propertyPath: m_LocalPosition.x
      value: -14.56
      objectReference: {fileID: 0}
    - target: {fileID: 4000010308123140, guid: ef0cd593f2e72c4439a7919812455afc, type: 2}
      propertyPath: m_LocalPosition.y
      value: -2
      objectReference: {fileID: 0}
    - target: {fileID: 4000010308123140, guid: ef0cd593f2e72c4439a7919812455afc, type: 2}
      propertyPath: m_LocalPosition.z
      value: 0
      objectReference: {fileID: 0}
    - target: {fileID: 4000010308123140, guid: ef0cd593f2e72c4439a7919812455afc, type: 2}
      propertyPath: m_LocalRotation.x
      value: 0
      objectReference: {fileID: 0}
    - target: {fileID: 4000010308123140, guid: ef0cd593f2e72c4439a7919812455afc, type: 2}
      propertyPath: m_LocalRotation.y
      value: 0
      objectReference: {fileID: 0}
    - target: {fileID: 4000010308123140, guid: ef0cd593f2e72c4439a7919812455afc, type: 2}
      propertyPath: m_LocalRotation.z
      value: 0
      objectReference: {fileID: 0}
    - target: {fileID: 4000010308123140, guid: ef0cd593f2e72c4439a7919812455afc, type: 2}
      propertyPath: m_LocalRotation.w
      value: 1
      objectReference: {fileID: 0}
    - target: {fileID: 4000010308123140, guid: ef0cd593f2e72c4439a7919812455afc, type: 2}
      propertyPath: m_RootOrder
      value: 39
      objectReference: {fileID: 0}
    - target: {fileID: 1000012314839644, guid: ef0cd593f2e72c4439a7919812455afc, type: 2}
      propertyPath: m_Name
      value: Bricks (29)
      objectReference: {fileID: 0}
    m_RemovedComponents: []
  m_ParentPrefab: {fileID: 100100000, guid: ef0cd593f2e72c4439a7919812455afc, type: 2}
  m_IsPrefabParent: 0
--- !u!1001 &2003614090
Prefab:
  m_ObjectHideFlags: 0
  serializedVersion: 2
  m_Modification:
    m_TransformParent: {fileID: 0}
    m_Modifications:
    - target: {fileID: 4000010308123140, guid: ef0cd593f2e72c4439a7919812455afc, type: 2}
      propertyPath: m_LocalPosition.x
      value: -7.7
      objectReference: {fileID: 0}
    - target: {fileID: 4000010308123140, guid: ef0cd593f2e72c4439a7919812455afc, type: 2}
      propertyPath: m_LocalPosition.y
      value: -2
      objectReference: {fileID: 0}
    - target: {fileID: 4000010308123140, guid: ef0cd593f2e72c4439a7919812455afc, type: 2}
      propertyPath: m_LocalPosition.z
      value: 0
      objectReference: {fileID: 0}
    - target: {fileID: 4000010308123140, guid: ef0cd593f2e72c4439a7919812455afc, type: 2}
      propertyPath: m_LocalRotation.x
      value: 0
      objectReference: {fileID: 0}
    - target: {fileID: 4000010308123140, guid: ef0cd593f2e72c4439a7919812455afc, type: 2}
      propertyPath: m_LocalRotation.y
      value: 0
      objectReference: {fileID: 0}
    - target: {fileID: 4000010308123140, guid: ef0cd593f2e72c4439a7919812455afc, type: 2}
      propertyPath: m_LocalRotation.z
      value: 0
      objectReference: {fileID: 0}
    - target: {fileID: 4000010308123140, guid: ef0cd593f2e72c4439a7919812455afc, type: 2}
      propertyPath: m_LocalRotation.w
      value: 1
      objectReference: {fileID: 0}
    - target: {fileID: 4000010308123140, guid: ef0cd593f2e72c4439a7919812455afc, type: 2}
      propertyPath: m_RootOrder
      value: 13
      objectReference: {fileID: 0}
    - target: {fileID: 1000012314839644, guid: ef0cd593f2e72c4439a7919812455afc, type: 2}
      propertyPath: m_Name
      value: Bricks (7)
      objectReference: {fileID: 0}
    m_RemovedComponents: []
  m_ParentPrefab: {fileID: 100100000, guid: ef0cd593f2e72c4439a7919812455afc, type: 2}
  m_IsPrefabParent: 0
--- !u!1001 &2103119252
Prefab:
  m_ObjectHideFlags: 0
  serializedVersion: 2
  m_Modification:
    m_TransformParent: {fileID: 0}
    m_Modifications:
    - target: {fileID: 4000011372505768, guid: 0497bb201c8d1ce46aa46f23ba1a5827, type: 2}
      propertyPath: m_LocalPosition.x
      value: -6.6
      objectReference: {fileID: 0}
    - target: {fileID: 4000011372505768, guid: 0497bb201c8d1ce46aa46f23ba1a5827, type: 2}
      propertyPath: m_LocalPosition.y
      value: -0.83
      objectReference: {fileID: 0}
    - target: {fileID: 4000011372505768, guid: 0497bb201c8d1ce46aa46f23ba1a5827, type: 2}
      propertyPath: m_LocalPosition.z
      value: 0
      objectReference: {fileID: 0}
    - target: {fileID: 4000011372505768, guid: 0497bb201c8d1ce46aa46f23ba1a5827, type: 2}
      propertyPath: m_LocalRotation.x
      value: -0
      objectReference: {fileID: 0}
    - target: {fileID: 4000011372505768, guid: 0497bb201c8d1ce46aa46f23ba1a5827, type: 2}
      propertyPath: m_LocalRotation.y
      value: -0
      objectReference: {fileID: 0}
    - target: {fileID: 4000011372505768, guid: 0497bb201c8d1ce46aa46f23ba1a5827, type: 2}
      propertyPath: m_LocalRotation.z
      value: -0
      objectReference: {fileID: 0}
    - target: {fileID: 4000011372505768, guid: 0497bb201c8d1ce46aa46f23ba1a5827, type: 2}
      propertyPath: m_LocalRotation.w
      value: 1
      objectReference: {fileID: 0}
    - target: {fileID: 4000011372505768, guid: 0497bb201c8d1ce46aa46f23ba1a5827, type: 2}
      propertyPath: m_RootOrder
      value: 3
      objectReference: {fileID: 0}
    m_RemovedComponents: []
  m_ParentPrefab: {fileID: 100100000, guid: 0497bb201c8d1ce46aa46f23ba1a5827, type: 2}
  m_IsPrefabParent: 0
--- !u!1001 &2110199889
Prefab:
  m_ObjectHideFlags: 0
  serializedVersion: 2
  m_Modification:
    m_TransformParent: {fileID: 0}
    m_Modifications:
    - target: {fileID: 4000010308123140, guid: ef0cd593f2e72c4439a7919812455afc, type: 2}
      propertyPath: m_LocalPosition.x
      value: -20.25
      objectReference: {fileID: 0}
    - target: {fileID: 4000010308123140, guid: ef0cd593f2e72c4439a7919812455afc, type: 2}
      propertyPath: m_LocalPosition.y
      value: -2
      objectReference: {fileID: 0}
    - target: {fileID: 4000010308123140, guid: ef0cd593f2e72c4439a7919812455afc, type: 2}
      propertyPath: m_LocalPosition.z
      value: 0
      objectReference: {fileID: 0}
    - target: {fileID: 4000010308123140, guid: ef0cd593f2e72c4439a7919812455afc, type: 2}
      propertyPath: m_LocalRotation.x
      value: 0
      objectReference: {fileID: 0}
    - target: {fileID: 4000010308123140, guid: ef0cd593f2e72c4439a7919812455afc, type: 2}
      propertyPath: m_LocalRotation.y
      value: 0
      objectReference: {fileID: 0}
    - target: {fileID: 4000010308123140, guid: ef0cd593f2e72c4439a7919812455afc, type: 2}
      propertyPath: m_LocalRotation.z
      value: 0
      objectReference: {fileID: 0}
    - target: {fileID: 4000010308123140, guid: ef0cd593f2e72c4439a7919812455afc, type: 2}
      propertyPath: m_LocalRotation.w
      value: 1
      objectReference: {fileID: 0}
    - target: {fileID: 4000010308123140, guid: ef0cd593f2e72c4439a7919812455afc, type: 2}
      propertyPath: m_RootOrder
      value: 34
      objectReference: {fileID: 0}
    - target: {fileID: 1000012314839644, guid: ef0cd593f2e72c4439a7919812455afc, type: 2}
      propertyPath: m_Name
      value: Bricks (24)
      objectReference: {fileID: 0}
    m_RemovedComponents: []
  m_ParentPrefab: {fileID: 100100000, guid: ef0cd593f2e72c4439a7919812455afc, type: 2}
  m_IsPrefabParent: 0
